4930 5922
1139 729 1393 801 ..ι-75...»

433 925 499 1010 sal
534 925 811 1012 communiter
831 953 889 1008 nu
911 937 1092 1036 cupatur
1109 953 1113 962 ’
1128 928 1225 1041 (sic)
1250 931 1293 1012 e't
1313 958 1498 1013 marcam
1531 934 1620 1014 auri
1640 934 1683 1014 in
1704 933 1900 1020 theloneo
1938 935 2098 1022 Oraco-

433 1045 581 1148 viensi,
605 1071 656 1126 ac
678 1045 786 1124 duas
806 1069 972 1126 marcas
994 1049 1085 1126 auri
1104 1049 1148 1128 in
1167 1050 1340 1156 plumbo
1361 1051 1405 1130 in
1426 1046 1560 1132 Illosz
1595 1052 1772 1161 singulis
1810 1056 1931 1134 annis
1962 1057 2098 1163 peroi-

434 1161 589 1266 piendi,
614 1160 823 1242 etdecem
859 1189 1025 1266 marcas
1062 1168 1226 1272 argenti
1246 1167 1287 1244 in
1310 1165 1483 1246 Ttorsse
1504 1165 1601 1247 villa
1620 1167 1841 1276 Episcopi,
1879 1197 1989 1279 quae
2012 1174 2097 1252 sin·-

433 1275 541 1386 gulis
557 1279 683 1359 annis
706 1277 942 1386 insignum
980 1279 1150 1362 dominii
1184 1283 1372 1390 recipere
1410 1285 1705 1366 consuevimus
1740 1313 1817 1392 pro
1851 1287 2098 1370 utilitatibus

431 1391 619 1475 eiusdem
652 1393 895 1501 Monasterji
916 1393 1201 1479 informandis.
1263 1399 1430 1481 Incolas
1464 1399 1564 1480 vero'
1588 1412 1631 1481 et
1652 1401 1957 1485 inhabitatores
1979 1404 2098 1486 villa-

430 1511 535 1592 rum'
559 1513 922 1620 supradictarum,
944 1541 995 1594 ea
1014 1512 1208 1596 libertate
1246 1543 1383 1626 eaque
1405 1518 1669 1599 immunitate
1692 1521 1881 1628 gaudere
1903 1520 2098 1604 volumus

431 1639 479 1710 ut
499 1659 574 1738 per
595 1641 749 1711 terram
788 1629 1114 1714 Oracoviensem
1135 1643 1178 1713 et
1200 1631 1585 1716 Sandomiriensem
1620 1637 1930 1744 negotiacionis
1968 1663 2099 1720 causa

431 1749 720 1850 transeuntes,
741 1751 784 1828 in
805 1747 916 1830 nullo
937 1749 1031 1831 loco
1052 1750 1297 1833 theloneum
1334 1749 1580 1857 persoluant
1592 1813 1601 1854 ,
1635 1779 1742 1862 quos
1765 1756 1892 1834 etiam
1913 1754 2098 1836 absolui-

430 1891 525 1950 mus
547 1866 602 1948 ab
625 1869 738 1949 omni
757 1867 1025 1973 prestacione
1051 1868 1258 1974 praedioli
1280 1895 1356 1948 seu
1376 1860 1586 1975 personali
1624 1872 1921 1981 cuiuscunque
1944 1897 2098 1953 census

431 1987 498 2068 vel
519 1983 684 2086 tributi,
707 1985 762 2064 ad
782 1983 968 2086 Ducem,
1005 1983 1264 2086 Palatinum,
1303 1983 1612 2088 Castellanum,
1634 1984 1836 2068 Judicein
1856 1988 1924 2070 vel
1944 2017 2096 2098 quem-

432 2129 600 2212 cunque
637 2101 764 2182 alium
797 2099 1052 2208 Supremum
1073 2104 1140 2185 vel
1159 2104 1462 2185 beneficiatum
1497 2104 1747 2209 pertinente.
1799 2104 1953 2212 Neque
1988 2109 2098 2186 euim

425 2218 626 2332 praerood,
648 2231 833 2318 atrorum,
852 2218 1028 2327 podozne
1045 2215 1119 2332 (¹³)
1143 2219 1254 2331 (sic),
1275 2219 1400 2300 aorrrb
1423 2217 1735 2333 (¹⁴),Torpowq
1752 2219 1945 2328 porodloe
1968 2235 2100 2331 caput

430 2335 550 2447 quod
570 2333 976 2446 vulgariterdicitur
994 2333 1136 2446 ploroo,
1161 2346 1204 2418 ct
1224 2337 1278 2420 ab
1302 2339 1415 2419 omni
1438 2363 1570 2419 causa
1591 2337 1825 2446 sanguinis,
1842 2345 1887 2418 et
1907 2334 1961 2418 ab
1985 2341 2099 2432 omni

429 2453 541 2537 furto
577 2464 618 2534 et
642 2449 844 2563 poroolone
880 2445 1021 2564 neque
1059 2457 1223 2564 aliquas
1258 2483 1471 2554 annonas,
1509 2480 1659 2556 vacas,
1688 2480 1864 2563 porcos,
1886 2471 2009 2559 oues,
2031 2457 2100 2538 vel

429 2575 608 2681 quaevis
628 2597 787 2680 pecora
808 2571 891 2652 alia
911 2597 987 2679 pro
1010 2575 1205 2682 expensis
1243 2571 1480 2657 Ducalibus
1517 2571 1777 2681 persoluent,
1813 2598 1894 2653 nec
1927 2574 2097 2656 nuntios

430 2693 498 2772 vel
528 2691 711 2800 ‚legatos-
733 2688 905 2770 Ducum
942 2716 1020 2770 sou
1056 2692 1220 2802 aliquos
1257 2688 1491 2774 Venatores
1522 2691 1716 2798 recipere
1734 2698 1941 2800 cogentur
1961 2689 2093 2772 inviti.

430 2805 695 2893 Generaliter
716 2817 859 2889 autem
882 2807 1053 2891 eosdem
1074 2809 1234 2908 incolas
1257 2807 1539 2910 absoluimus,
1572 2807 1628 2890 ab
1652 2805 1847 2890 omnibus
1885 2807 2098 2890 seruituti-

427 2927 522 3030 bus,
544 2925 736 3036 angariis
759 2935 803 3008 et
820 2925 1086 3034 prcangarijs
1108 2926 1268 3037 quibus
1291 2954 1463 3036 cunque
1484 2924 1726 3012 nominibus
1749 2926 2021 3027 denotentur,
2056 2935 2098 3006 et

427 3073 541 3156 quae
562 3071 677 3126 nunc
699 3053 800 3125 sunt
819 3043 888 3125 vel
908 3045 951 3124 in
971 3041 1161 3125 firturum
1195 3053 1398 3152 poterunt
1434 3043 1679 3152 excogitari.
1743 3041 1843 3135 Siue
1880 3045 1964 3124 sint
1985 3043 2096 3125 ordi-

427 3164 541 3245 narie
578 3159 772 3244 casuales
794 3159 865 3243 vel
884 3161 1105 3268 repentine
1128 3159 1182 3243 ab
1206 3163 1501 3245 aedificatione
1539 3159 1786 3246 (lastrorum
1821 3162 1890 3244 vel
1923 3188 2095 3269 repara·

426 3283 540 3364 tione
563 3278 680 3362 stab
704 3279 816 3362 omni
852 3277 1120 3386 expeditione
1141 3281 1211 3362 vel
1234 3273 1422 3362 exercitu
1458 3281 1573 3388 ipsos
1610 3268 1782 3390 penitus
1811 3277 2094 3362 absolventes.

427 3393 512 3496 Qui
550 3399 676 3480 etiam
697 3396 869 3481 Incolae
891 3397 1092 3480 conuenti
1113 3424 1257 3480 coram
1279 3397 1403 3482 nobis
1424 3395 1734 3508 superquibus
1758 3423 1931 3506 cunque
1955 3395 2095 3476 causis

426 3511 494 3612 vel
514 3513 793 3626 n'cgotiiavel
815 3541 956 3599 coram
979 3516 1122 3624 aliquo
1144 3515 1351 3598 Palatino.
1403 3515 1648 3599 Castellano
1673 3522 1715 3594 et
1736 3515 1887 3622 quovis
1909 3511 1991 3594 alio
2012 3509 2118 3594 Ju-·

425 3634 518 3718 dice
539 3633 608 3716 vel
623 3631 792 3744 officiali
825 3657 1069 3740 comparere
1090 3623 1165 3713 vel
1178 3631 1436 3742 respondere
1473 3659 1558 3715 non
1595 3639 1847 3732 teneantur,
1881 3628 1959 3710 sed
1995 3653 2096 3713 suo·

422 3781 523 3858 rum
535 3751 829 3834 tantummodo
850 3757 1064 3832 rectorum
1084 3750 1232 3832 iuditio
1254 3749 1338 3830 sint
1359 3747 1553 3830 subiecti.
1593 3747 1654 3854 Ut
1674 3756 1818 3830 autem
1838 3743 1943 3828 nulli
1964 3747 2096 3850 alteri,

356 3857 360 3867 ¹
423 3869 501 3952 sed
521 3868 655 3957 solum
678 3871 791 3952 dicto
813 3863 1068 3956 monaster-10
1101 3877 1144 3950 et
1165 3865 1380 3952 sororibus
1402 3868 1701 3976 suprascriptis
1722 3863 1941 3974 praefatae
1958 3864 2094 3966 villae,

378 4029 380 4040 ·
423 4014 534 4100 quas
555 3989 683 4070 etiam
703 3989 793 4070 iure
814 3985 1062 4070 theutonico
1097 3985 1238 4070 locare
1271 3984 1571 4090 concedimus,
1594 4013 1692 4066 cum
1715 3981 1911 4068 omnibus
1935 3983 2092 4064 utilita-

421 4104 534 4189 tibus
557 4108 643 4188 suis
666 4105 919 4218 deseruiant,
941 4111 985 4186 et
1006 4103 1062 4186 ad
1081 4105 1221 4212 ipsum
1251 4103 1557 4188 Monasterium
1581 4102 1720 4212 pleno
1741 4103 1830 4183 iure
1850 4100 2092 4209 pertineant

420 4222 698 4306 Decernimus
720 4232 769 4306 ut
788 4221 992 4306 Rectores
1024 4222 1213 4306 villarum
1251 4223 1482 4304 earundem
1502 4249 1578 4332 per
1599 4248 1785 4304 sororem
1805 4227 1992 4300 nostram
2015 4218 2090 4300 do·

422 4341 577 4424 minam
601 4339 861 4444 Salomeam,
897 4339 1111 4450 Reginam
1149 4340 1368 4451 quondam
1389 4337 1600 4441 Galiciae,
1620 4333 1733 4419 nunc
1756 4344 1899 4416 autem
1921 4333 2001 4416 sub
2022 4362 2089 4418 re·
2145 4343 2147 4347 ’

421 4457 526 4567 gula
551 4457 716 4542 Beatae
749 4457 904 4544 Clarae
936 4458 1107 4542 domino
1129 4455 1381 4560 famulante,
1403 4467 1446 4539 et
1466 4455 1744 4541 Abbatissam
1765 4478 1954 4536 sororum
1977 4456 2089 4536 eius-

420 4575 519 4662 dem
548 4575 734 4688 regulae,
754 4577 798 4661 in
818 4579 910 4686 ipso
932 4575 1191 4660 Monasterio
1212 4575 1431 4659 Zowicbost
1452 4576 1761 4668 constituantur
1783 4579 1827 4653 et
1848 4597 1991 4653 earum
2017 4571 2090 4706 de}

519 4844 576 4929 (¹⁸)
589 4842 798 4914 Podworne.
838 4845 896 4928 (¹⁴)
917 4841 1038 4926 Narsb.
1099 4881 1102 4886 -

1776 4881 1778 4886 Ι
1888 4930 1948 4997 10*
