4930 5922
1023 699 1537 826 '-uo-.-.

433 938 538 1023 villis
554 939 600 1020 in
615 932 836 1045 Knepuyolr
850 931 1123 1040 pertinentes,
1139 931 1329 1016 Ecclesie
1347 931 1596 1018 Thincisnsi
1611 933 1816 1020 tributum
1838 947 1883 1024 et
1903 937 2105 1027 Strozam'

430 1087 529 1142 cum
549 1051 793 1139 Pomochn'e
815 1049 988 1134 soluunt
1007 1051 1024 1162 (
1043 1045 1075 1158 );
1139 1050 1359 1164 Opotoocolr
1397 1051 1514 1162 quod
1533 1052 1626 1136 Rex
1646 1051 1870 1138 Bolezlaus
1889 1074 1988 1142 cum
2008 1059 2100 1145 foro

432 1185 474 1260 et
493 1173 672 1256 taberna
702 1176 746 1249 ct
775 1164 956 1250 transitu
990 1167 1134 1250 nauali
1169 1177 1213 1250 et
1246 1179 1347 1252 voto
1385 1169 1608 1254 duodecim
1643 1199 1884 1258 marcarum
1920 1178 2100 1289 singulis

428 1293 549 1376 annis
583 1297 626 1371 et
656 1284 824 1390 duabus
859 1285 1046 1368 tabernis
1076 1288 1120 1367 in
1159 1283 1290 1367 Wislu
1323 1287 1500 1370 ecclesie
1537 1287 1755 1372 Tinciensi
1775 1295 1969 1388 ‘contulit
2003 1317 2100 1378 cnm

428 1407 669 1494 hominibus
689 1403 802 1507 Bac,
825 1389 1017 1506 Ohrust,
1034 1401 1217 1506 Brenno,
1238 1403 1399 1488 Duran.
1431 1405 1600 1488 Harum
1632 1407 1824 1490 villarum
1847 1411 2035 1496 decimas
2057 1417 2112 1496 et'

430 1526 619 1613 omnium
640 1549 725 1634 que
746 1513 954 1633 religiosis
989 1501 1089 1605 viris
1126 1522 1276 1616 collate
1298 1533 1398 1604 sunt
1417 1532 1574 1633 rogatu
1594 1523 1729 1608 Ducis
1750 1523 1934 1614 Bolenlai
1955 1529 2105 1615 Redo-

428 1655 518 1730 stus
554 1642 797 1752 Episcopus
829 1639 967 1721 eidem
989 1637 1179 1723 Ecclesie
1202 1641 1390 1748 contulit.
1425 1641 1682 1725 Thinciense
1703 1671 1804 1728 vero
1825 1650 2103 1729 monasterium

429 1759 670 1862 omnimodo
689 1757 867 1841 liberum
901 1751 1017 1859 esse,
1053 1757 1288 1864 apostolica
1309 1761 1560 1843 auctoritate
1583 1759 1870 1867 decernimus,
1891 1757 2008 1850 saluo
2028 1775 2098 1850 ta-

400 1881 529 1968 'men
564 1879 724 1962 honore
745 1885 788 1957 et
806 1877 1044 1957 reuerentia
1080 1873 1375 1959 Oracouiensis
1410 1877 1603 1961 Ecclesie
1636 1905 1687 1958 ac
1720 1879 1877 1962 domini
1908 1861 2129 1988 Βιιᾶοεὺί,ι

430 2023 686 2107 suorumque
709 1995 1022 2096 successorum,
1054 1993 1227 2076 scilicet.
1250 2004 1299 2076 ut
1318 1995 1454 2079 nullus
1475 1993 1595 2098 Dux,
1616 1993 1877 2104 Episcopus,
1898 1997 2100 2105 Murchic,

341 2173 345 2178 -
431 2118 607 2217 Comes,
642 2115 900 2216 vicecomes,
936 2111 1256 2217 nulla-persona
1278 2142 1437 2224 magna
1457 2113 1526 2194 nel
1545 2141 1681 2221 parua
1701 2113 1941 2198 Ecclesiam
1963 2118 2100 2202 Thin·

429 2237 615 2318 ciensem
635 2231 857 2314 molestare
873 2229 942 2312 vel
959 2227 1012 2310 de
1026 2229 1184 2337 predijs
1202 2240 1245 2313 et
1261 2230 1433 2317 decimis
1455 2229 1650 2328 Ecclesie
1673 2233 1831 2341 ahquid
1849 2232 2101 2318 subtrahere

427 2358 647 2464 presumat
666 2347 709 2450 †.
763 2344 966 2457 Quisquis
988 2343 1044 2459 (Ἰ)
1068 2356 1212 2428 autem
1233 2349 1357 2432 huius
1379 2359 1523 2433 nostre
1543 2350 1702 2460 pagine
1724 2349 1892 2430 estiterit
1923 2349 2102 2458 violator,

429 2471 499 2555 vel
513 2471 569 2552 de
584 2465 777 2550 Ecclesie
789 2463 927 2578 'rebus
949 2463 1090 2575 aliquo
1109 2467 1333 2586 conamine
1351 2469 1568 2579 quidpiam
1587 2465 1725 2550 aufere
1740 2467 1931 2571 voluerit,
1954 2497 1980 2551 a
1994 2470 2114 2552 limi-f

428 2588 555 2671 nibus
591 2593 738 2667 sancte
775 2583 970 2668 Ecclesie
1001 2591 1044 2664 et
1073 2585 1259 2667 omnium
1290 2583 1475 2668 fidelium
1508 2584 1844 2670 Christianorum
1881 2589 2102 2673 consorcia

429 2711 651 2818 separatus
673 2727 724 2784 ac
745 2700 917 2785 viuifico
955 2693 1129 2808 corpore
1152 2711 1195 2784 et
1216 2703 1427 2814 sanguine
1465 2704 1621 2788 domini
1652 2705 1783 2787 nostri
1813 2701 1921 2786 Jesu
1944 2703 2101 2789 Ohristi

127 2789 134 2800 .
230 2898 296 2936 ,Ι
427 2829 704 2935 segregatus,
724 2822 830 2902 iram
852 2819 1152 2928 omnipotentis
1176 2821 1244 2902 dei
1268 2829 1311 2902 et
1329 2819 1670 2915 maledictionem
1691 2821 1858 2902 omnium
1877 2833 2101 2905 coactorum

428 2942 636 3044 incurrat,
658 2949 701 3022 et
721 2939 776 3021 sit
796 2937 1039 3046 anathema¹
1058 2937 1329 3038 maranatha,
1363 2949 1408 3021 et
1427 2953 1525 3021 cutn
1562 2937 1680 3022 duda
1715 2941 1916 3036 traditore
1951 2941 1995 3020 in
2032 2942 2100 3026 die¹

427 3058 571 3166 iudieij
607 3059 845 3166 portlonem
866 3056 1063 3163 accipiat.
1117 3053 1200 3155 Qui
1231 3056 1480 3141 custodierit
1501 3067 1544 3139 et
1564 3057 1632 3138 dei
1655 3056 1881 3139 ecclesiam
1902 3081 1987 3138 non
2008 3085 2100 3143 mo-

427 3175 676 3278 lestauerit,·
700 3173 943 3257 benedictio
965 3201 1094 3282 quam
1114 3176 1307 3284 promisit
1328 3173 1433 3258 deus
1457 3172 1732 3286 diligentibus
1753 3199 1799 3256 se
1812 3219 1826 3276 ,·
1840 3173 1885 3253 in
1907 3201 2004 3256 eum
2027 3175 2101 3257 de-
2213 3270 2218 3278 ,
2321 3211 2325 3220 ·

334 3336 343 3354 ·
429 3291 620 3398 scandat,
643 3301 686 3373 et
706 3320 805 3374 cum
825 3289 1022 3374 fidelibus
1044 3292 1239 3377 omnibus
1277 3292 1409 3376 vitam
1447 3301 1635 3376 eternam
1671 3291 1901 3402 possideat.
1947 3290 2098 3377 Amen.

428 3409 540 3496 Acta
560 3390 761 3494 sunthec
782 3408 906 3492 Anno
927 3409 1238 3494 lnc'arnationis
1262 3411 1420 3495 domini
1439 3409 1516 3495 M⁰.
1541 3405 1609 3496 0⁰.
1626 3408 1678 3493 V.
1722 3409 1957 3494 Indictione
1979 3407 2100 3515 XIII,
2150 3415 2161 3444 ⁸
2268 3377 2274 3386 .

428 3538 560 3640 pacta
579 3529 645 3612 III
669 3525 759 3614 Sub
780 3523 978 3611 Bolezlao
1010 3528 1134 3613 Duce
1155 3529 1199 3610 in
1221 3531 1395 3612 ciuitate
1432 3521 1727 3634 Oraeouienei,
1764 3537 1978 3614 annuente
2006 3531 2100 3636 ipso
2191 3579 2199 3590 ·

428 3649 553 3731 Duce
575 3655 618 3729 et
638 3646 853 3756 Episcopo
875 3639 1086 3747 Radosu,
1112 3633 1268 3754 ,coram
1288 3647 1369 3756 hijs
1390 3649 1572 3732 testibus
1595 3647 1871 3747 Scarbimiro,
1892 3644 2101 3754 Woyzlco

428 3763 604 3876 Pozlr'po,
625 3763 812 3864 Andrea,
837 3761 967 3846 Sulek
988 3793 1086 3856 cum
1106 3765 1190 3850 filio
1211 3764 1405 3848 Martino:
1438 3762 1659 3863 Broodoto,
1683 3763 1868 3874 Duspor.
1906 3781 1935 3824 ··
2081 3805 2087 3814 ·

534 3877 803 3992 Quapropter
823 3907 900 3984 nos
923 3877 976 3994 (Β)
998 3883 1344 3992 predecessorum
1385 3892 1623 3966 nostrorum
1643 3879 1836 3990 vestigijs
1856 3873 2099 3961 inherentes

429 3997 645 4112 prefatum
684 4001 986 4084 monasterium
1029 4011 1072 4082 et
1111 4011 1371 4086 conuentum
1407 3997 1580 4109 speciali
1617 3997 1844 4082 deuotione
1880 4004 1924 4076 et
1959 3997 2099 4105 gratia
2219 4015 2227 4030 ·

428 4119 747 4230 prosequendo,
777 4116 1015 4218 libertates,
1049 4121 1339 4230 exceptiones,
1363 4115 1611 4202 donationes
1635 4123 1678 4196 et
1697 4112 1983 4196 immunitates
2005 4114 2099 4194 uni-

430 4263 579 4321 uersas
602 4233 645 4318 ct
665 4235 876 4348 singulas,
906 4247 1173 4341 memoratas,
1194 4236 1378 4318 indultas
1401 4245 1444 4317 et
1463 4257 1689 4317 concessas
1722 4261 1749 4314 a
1769 4230 1952 4341 glorioso
1974 4229 2100 4341 Rege
2204 4249 2208 4259 ’

430 4365 473 4436 et
494 4357 681 4466 Regina,
702 4381 783 4436 noc
803 4381 888 4440 non
911 4353 1090 4437 ducibus
1127 4350 1303 4464 prefatis
1336 4355 1389 4434 de
1423 4361 1546 4463 grato
1569 4361 1613 4433 et
1633 4349 1846 4434 communi
1888 4373 2099 4432 consensu

194 4480 204 4507 '¹
341 4515 348 4524 ·
431 4476 589 4582 pariter
609 4483 654 4556 et
684 4499 863 4557 assensu
884 4499 936 4556 ac
956 4474 1145 4556 unanimi
1180 4481 1280 4556 voto
1316 4467 1570 4554 venerabilis
1605 4469 1738 4580 putrit
1773 4467 1945 4550 Domini
1979 4465 2107 4551 Pauli

534 4691 578 4768 (θ)
600 4687 814 4773 Privileginm
827 4685 975 4755 Boleslai
995 4686 1075 4752 dieti
1092 4685 1315 4774 lirzywousty
1330 4687 1365 4752 in
1379 4684 1555 4776 privilegio
1570 4665 1891 4778 Aegidii'inoipilur.

345 4785 348 4791 '
456 4869 462 4874 -
495 4795 504 4808 ‘
534 4771 575 4851 p)
596 4772 690 4871 Finis
704 4771 901 4874 transumpti
917 4771 1053 4870 Aegidii
1069 4768 1272 4870 cardinalis..
1362 4853 1369 4870 .
1396 4855 1402 4870 Ι

532 4860 575 4940 (⁸)
596 4855 690 4924 Emis
705 4859 871 4952 pr1v1legn
887 4865 1113 4928 renovatronrs
1128 4852 1275 4922 Boleslar
1286 4853 1414 4925 Pudrcr.
