4856 5932
1010 1178 1288 1298 CCXXlllll.

562 1519 567 1530 .
608 1453 1040 1610 Wtrlicice-dr'c
1065 1451 1146 1541 30
1171 1454 1332 1560 sunu
1358 1452 1503 1540 1485
1529 1471 1693 1537 anno.

280 1747 286 1760 .
326 1690 440 1766 roim
460 1693 593 1768 roma
615 1695 721 1785 apa
743 1692 782 1768 n
797 1693 987 1764 ssorum
1002 1695 1035 1766 e
1049 1691 1512 1881 casroffipnuumn
1533 1692 1674 1767 urens
1687 1691 1765 1766 nn
1779 1707 1837 1766 sn
1850 1691 1930 1767 nur
1943 1709 1977 1766 n

1029 1813 1148 1870 mm
1276 1845 1284 1864 .

439 2031 564 2116 1510.
576 2028 808 2115 Stenislaus
818 2029 1075 2116 Lithinoszde
1086 2030 1283 2116 Kuzonow
1296 2029 1639 2118 Succcmararius
1649 2027 1917 2114 Lublinensis
1928 2059 1979 2114 ac

331 2146 486 2252 dudex,
510 2163 552 2231 et
584 2147 819 2234 Stanislaus
842 2149 894 2232 de
916 2148 1196 2261 Lyotlrosclrpn
1233 2151 1450 2236 Subiudex
1468 2158 1597 2232 'terre
1629 2145 1978 2233 Sandomiriensis

333 2267 551 2384 generales
570 2266 869 2381 significamus
889 2275 1033 2352 tenore
1054 2270 1326 2353 Prosencium
1348 2270 1503 2380 quibus
1525 2269 1694 2378 expedit
1713 2269 1916 2352 vniuersis
1939 2277 1982 2352 et

208 2481 210 2484 ,
332 2387 509 2498 singulis
529 2387 797 2498 presentibus
820 2395 861 2470 et
881 2384 1042 2471 futuris.
1090 2385 1311 2488 Quomodo
1347 2397 1538 2500 tempora
1573 2396 1887 2471 antecessorum
1908 2415 1984 2472 no·

333 2515 514 2590 strorum
550 2505 859 2593 Generosorum
895 2507 990 2590 olim
1017 2507 1130 2617 Petrj
1169 2505 1622 2619 Sanczppnieqnyewslcy
1653 2506 1706 2620 (²)
1744 2505 1909 2590 dudicis
1942 2515 1985 2588 et

332 2623 497 2709 Nicolai
522 2626 573 2708 de
596 2625 796 2708 Slorrona
817 2624 871 2740 (³)
895 2623 1141 2710 Subiudicis
1161 2634 1270 2708 terre
1291 2623 1456 2735 prefate
1478 2626 1740 2737 generalium
1773 2627 1987 2710 existenti·

333 2741 415 2826 bus
438 2741 534 2857 (sic)
555 2744 792 2827 invenimus
813 2755 957 2829 notam
992 2745 1341 2856 inscripcionis'in
1364 2744 1472 2828 actis
1493 2725 1984 2854 ipsorumdudicialibus

333 2858 678 2946 Vislicziensibus
700 2860 806 2946 feria
826 2866 977 2976 quinta
997 2867 1187 2974 proxima
1223 2873 1322 2975 post
1357 2862 1509 2946 festum
1545 2864 1768 2948 beatorum
1802 2862 1914 2974 Petrj
1945 2873 1987 2946 et

333 2981 454 3091 Paulj
476 2981 807 3095 Appostolorum
823 2984 945 3068 Anno
969 2986 1122 3069 domini
1142 2983 1363 3068 Millesimo
1386 2982 1801 3097 quadringentesimo
1824 2979 1986 3067 Octua·

335 3103 496 3215 gesimo
519 3105 665 3213 quinto
686 3103 898 3214 scriptam,
933 3104 1070 3215 ipsam
1101 3103 1181 3188 sub
1210 3103 1341 3186 titulis
1363 3112 1406 3185 et
1425 3101 1584 3214 Sigillis
1604 3103 1755 3208 nostris
1777 3129 1986 3212 exponere

335 3219 628 3305 mandauimus
643 3221 687 3304 in
707 3221 788 3304 hec
804 3220 948 3306 verba.
1976 3247 1980 3256 ·

444 3343 569 3424 14852
602 3337 823 3438 Quomodo
847 3343 1097 3426 constitutus
1133 3339 1407 3452 personaliter
1428 3367 1569 3424 coram
1600 3337 1695 3423 duri
1715 3339 1879 3425 Nobilis
1910 3338 1988 3425 Jo-

335 3457 501 3544 hennes
522 3455 667 3567 Zyrkc
688 3457 739 3539 de
761 3455 1015 3545 Skrobaczow
1033 3457 1093 3574 (⁴)
1115 3461 1237 3560 heres
1260 3487 1388 3545 sanus
1403 3470 1542 3544 mente
1560 3468 1603 3542 et
1617 3485 1790 3570 corpore
1808 3461 1989 3542 existens

336 3603 421 3662 non
443 3577 682 3686 compulsus
702 3604 782 3660 nec
803 3588 978 3662 coactus
1001 3579 1077 3662 sed
1100 3607 1150 3662 ex
1166 3607 1245 3662 sua
1264 3579 1399 3664 libera
1433 3580 1648 3664 voluntate
1683 3575 1850 3686 publice
1871 3577 1989 3664 recoss

339 3697 500 3809 gnouit.
533 3691 644 3796 Quia
666 3721 762 3779 cum
783 3696 1011 3809 Magnifico
1032 3698 1209 3782 Nicolao
1240 3696 1480 3783 Castellano
1504 3696 1832 3783 Sandomiriensi
1853 3695 1908 3811 (⁵)
1929 3695 1990 3780 fe·

339 3817 397 3898 cit
415 3825 663 3926 perpetuam
685 3819 1060 3904 commutacionem
1081 3818 1123 3900 in
1144 3817 1258 3900 hunc
1278 3817 1464 3902 modum.
1498 3819 1598 3929 quia
1617 3816 1731 3900 idem
1752 3809 1985 3900 dohannes.

339 3933 506 4021 domino
537 3935 713 4023 Nicolao
747 3935 863 4021 dedit
892 3949 935 4021 et
964 3939 1241 4022 commutauit
1271 3965 1392 4021 suam
1421 3937 1661 4046 porcionem
1692 3936 1988 4022 hereditariam

443 4173 484 4251 (¹)
514 4169 639 4236 Tabula
654 4170 731 4239 anni
746 4173 839 4238 1485.
859 4181 1064 4258 transumpto
1094 4180 1144 4237 est
1159 4171 1236 4236 anni
1260 4171 1352 4244 1510.
1382 4181 1420 4235 ut
1448 4167 1607 4247 videmus,
1634 4171 1768 4238 inserta.
1811 4166 1988 4236 mansum.
2115 4197 2117 4206 =

363 4263 430 4320 tum
445 4276 536 4328 vero,
551 4255 726 4322 verisimile
742 4256 930 4324 monasterii
947 4256 1185 4338 Staniateensis
1204 4255 1384 4344 proprium,
1400 4277 1440 4319 ex
1456 4253 1535 4321 folio
1551 4255 1797 4322 membranaceo
1814 4251 1989 4337 descripsit

341 4335 527 4406 blcwir'rski.
571 4338 719 4427 Sigillum
735 4339 947 4440 desideratur,
959 4352 1135 4441 supersunt
1150 4341 1374 4441 tantumtduae
1389 4339 1550 4440 taeniolae
1565 4361 1789 4441 pergameneo.
1875 4419 1882 4436 .
1931 4421 1938 4436 ι

447 4423 486 4505 (²)
510 4423 725 4513 Scnryynidru
741 4424 819 4490 villa
832 4424 1030 4512 paroehialis
1047 4427 1082 4491 in
1098 4427 1362 4494 Szlrnlbmirrensr
1377 4447 1520 4512 regione,
1537 4422 1765 4491 Croconensrs
1790 4441 1989 4508 provmelae.

347 4593 363 4618 Ἴ
446 4509 493 4608 (3).
509 4509 681 4608 ζὸοξιηυια,
694 4509 771 4576 rillc
786 4510 902 4600 oppidi
917 4510 1085 4598 Skrzyrlrlrc
1100 4510 1364 4597 proximamus
1376 4511 1410 4576 in
1421 4509 1628 4596 Opocznensi
1638 4509 1783 4595 regione,
1800 4506 1988 4626 provinciae

340 4593 712 4779 smdoppnseppbsm
727 4679 804 4746 ville
818 4679 852 4747 in
868 4677 1076 4749 Stobuicensi
1090 4679 1250 4766 parochia
1262 4677 1492 4747 Cracoriensis
1507 4677 1696 4766 provinciae
1711 4675 1744 4742 in
1760 4675 1875 4761 Regno
1890 4673 1987 4744 Polo·

341 4785 413 4831 ΜΘ
428 4763 777 4932 ¹1llldllinddlaushicin
793 4847 966 4919 Nicsieccii
980 4847 1145 4917 indicibus
1160 4858 1348 4930 senatorum
1363 4845 1574 4916 desideratur.
