<?xml version="1.0" encoding="UTF-8"?>
<!DOCTYPE html PUBLIC "-//W3C//DTD XHTML 1.0 Transitional//EN"
    "http://www.w3.org/TR/xhtml1/DTD/xhtml1-transitional.dtd">
<html xmlns="http://www.w3.org/1999/xhtml" xml:lang="en" lang="en">
 <head>
  <title>
</title>
<meta http-equiv="Content-Type" content="text/html;charset=utf-8" />
  <meta name='ocr-system' content='tesseract 3.04.00' />
  <meta name='ocr-capabilities' content='ocr_page ocr_carea ocr_par ocr_line ocrx_word'/>
</head>
<body>
  <div class='ocr_page' id='page_1' title='image "./codexdiplomatic00bartgoog_0403.png"; bbox 0 0 4856 5932; ppageno 0'>
   <div class='ocr_carea' id='block_1_1' title="bbox 942 701 1291 786">
    <p class='ocr_par' dir='ltr' id='par_1_1' title="bbox 942 701 1291 786">
     <span class='ocr_line' id='line_1_1' title="bbox 942 701 1291 786; baseline -0.034 0"><span class='ocrx_word' id='word_1_1' title='bbox 942 701 1291 786; x_wconf 84' lang='lat' dir='ltr'>.-3oo-</span> 
     </span>
    </p>
   </div>
   <div class='ocr_carea' id='block_1_2' title="bbox 608 1121 1685 1484">
    <p class='ocr_par' dir='ltr' id='par_1_2' title="bbox 608 1121 1685 1484">
     <span class='ocr_line' id='line_1_2' title="bbox 1028 1121 1298 1240; baseline -0.007 -3"><span class='ocrx_word' id='word_1_2' title='bbox 1028 1121 1298 1240; x_wconf 75' lang='lat' dir='ltr'>otxtxtx.</span> 
     </span>
     <span class='ocr_line' id='line_1_3' title="bbox 608 1347 1685 1484; baseline 0.001 -21"><span class='ocrx_word' id='word_1_3' title='bbox 608 1377 1106 1484; x_wconf 49' lang='lat' dir='ltr'>aspernatae-ecre</span> <span class='ocrx_word' id='word_1_4' title='bbox 1122 1379 1160 1462; x_wconf 77' lang='lat'>2</span> <span class='ocrx_word' id='word_1_5' title='bbox 1175 1379 1323 1463; x_wconf 67' lang='lat' dir='ltr'>narn</span> <span class='ocrx_word' id='word_1_6' title='bbox 1350 1375 1501 1464; x_wconf 73' lang='lat' dir='ltr'>nos</span> <span class='ocrx_word' id='word_1_7' title='bbox 1522 1347 1685 1466; x_wconf 74' lang='lat' dir='ltr'>sano.</span> 
     </span>
    </p>
   </div>
   <div class='ocr_carea' id='block_1_3' title="bbox 347 1589 2052 1794">
    <p class='ocr_par' dir='ltr' id='par_1_3' title="bbox 347 1589 2052 1794">
     <span class='ocr_line' id='line_1_4' title="bbox 347 1589 2052 1690; baseline 0.003 -18"><span class='ocrx_word' id='word_1_8' title='bbox 347 1595 840 1674; x_wconf 63' lang='lat' dir='ltr'>metamaucenses</span> <span class='ocrx_word' id='word_1_9' title='bbox 856 1599 1019 1679; x_wconf 67' lang='lat' dir='ltr'>Poeante,</span> <span class='ocrx_word' id='word_1_10' title='bbox 1036 1598 1231 1674; x_wconf 74' lang='lat' dir='ltr'>advenum</span> <span class='ocrx_word' id='word_1_11' title='bbox 1241 1615 1333 1672; x_wconf 73' lang='lat' dir='ltr'>nen</span> <span class='ocrx_word' id='word_1_12' title='bbox 1349 1597 1459 1674; x_wconf 75' lang='lat' dir='ltr'>ibide·</span> <span class='ocrx_word' id='word_1_13' title='bbox 1474 1599 1575 1690; x_wconf 74' lang='lat' dir='ltr'>dun,</span> <span class='ocrx_word' id='word_1_14' title='bbox 1589 1601 1711 1676; x_wconf 68' lang='lat' dir='ltr'>nicolao</span> <span class='ocrx_word' id='word_1_15' title='bbox 1724 1602 1945 1680; x_wconf 69' lang='lat' dir='ltr'>cummunio</span> <span class='ocrx_word' id='word_1_16' title='bbox 2045 1589 2052 1596; x_wconf 78' lang='grc'><strong>’</strong></span> 
     </span>
     <span class='ocr_line' id='line_1_5' title="bbox 801 1700 1500 1794; baseline -0.02 -18"><span class='ocrx_word' id='word_1_17' title='bbox 801 1700 977 1776; x_wconf 73' lang='lat' dir='ltr'>renuerent</span> <span class='ocrx_word' id='word_1_18' title='bbox 998 1701 1100 1776; x_wconf 81' lang='lat' dir='ltr'>hereti</span> <span class='ocrx_word' id='word_1_19' title='bbox 1114 1700 1152 1774; x_wconf 81' lang='lat' dir='ltr'>lc</span> <span class='ocrx_word' id='word_1_20' title='bbox 1165 1702 1306 1770; x_wconf 74' lang='lat' dir='ltr'>Leonica</span> <span class='ocrx_word' id='word_1_21' title='bbox 1318 1701 1436 1794; x_wconf 66' lang='lat' dir='ltr'>cusu</span> <span class='ocrx_word' id='word_1_22' title='bbox 1452 1705 1500 1786; x_wconf 74' lang='lat'>(¹).</span> 
     </span>
    </p>
   </div>
   <div class='ocr_carea' id='block_1_4' title="bbox 283 1905 2101 4402">
    <p class='ocr_par' dir='ltr' id='par_1_4' title="bbox 338 1905 1975 2006">
     <span class='ocr_line' id='line_1_6' title="bbox 338 1905 1975 2006; baseline 0.007 -12"><span class='ocrx_word' id='word_1_23' title='bbox 338 1905 341 1910; x_wconf 16' lang='grc' dir='ltr'><strong>Δ</strong></span> <span class='ocrx_word' id='word_1_24' title='bbox 425 1905 513 1994; x_wconf 88' lang='lat' dir='ltr'>Nos</span> <span class='ocrx_word' id='word_1_25' title='bbox 535 1907 734 1995; x_wconf 85' lang='lat' dir='ltr'>Albertus</span> <span class='ocrx_word' id='word_1_26' title='bbox 757 1910 809 1993; x_wconf 88' lang='lat' dir='ltr'>de</span> <span class='ocrx_word' id='word_1_27' title='bbox 836 1907 1082 1994; x_wconf 75' lang='lat' dir='ltr'>Vumborcour</span> <span class='ocrx_word' id='word_1_28' title='bbox 1123 1905 1266 1994; x_wconf 66' lang='lat' dir='ltr'>«ludex</span> <span class='ocrx_word' id='word_1_29' title='bbox 1298 1919 1340 1992; x_wconf 89' lang='lat' dir='ltr'>et</span> <span class='ocrx_word' id='word_1_30' title='bbox 1368 1907 1643 1995; x_wconf 88' lang='lat' dir='ltr'>Nicolaus&#39;de</span> <span class='ocrx_word' id='word_1_31' title='bbox 1665 1909 1841 1998; x_wconf 73' lang='lat' dir='ltr'>seelera</span> <span class='ocrx_word' id='word_1_32' title='bbox 1863 1916 1975 2006; x_wconf 84' lang='lat' dir='ltr'>sub-</span> 
     </span>
    </p>

    <p class='ocr_par' dir='ltr' id='par_1_5' title="bbox 323 2025 1974 2142">
     <span class='ocr_line' id='line_1_7' title="bbox 323 2025 1974 2142; baseline 0.007 -32"><span class='ocrx_word' id='word_1_33' title='bbox 323 2025 451 2112; x_wconf 84' lang='lat' dir='ltr'>iudex</span> <span class='ocrx_word' id='word_1_34' title='bbox 471 2027 602 2114; x_wconf 84' lang='lat' dir='ltr'>Terre</span> <span class='ocrx_word' id='word_1_35' title='bbox 625 2030 972 2117; x_wconf 85' lang='lat' dir='ltr'>Sandomiriensis</span> <span class='ocrx_word' id='word_1_36' title='bbox 995 2028 1216 2142; x_wconf 81' lang='lat' dir='ltr'>generales</span> <span class='ocrx_word' id='word_1_37' title='bbox 1237 2037 1443 2112; x_wconf 86' lang='lat' dir='ltr'>testemur</span> <span class='ocrx_word' id='word_1_38' title='bbox 1464 2031 1688 2134; x_wconf 75' lang='lat' dir='ltr'>universiS,</span> <span class='ocrx_word' id='word_1_39' title='bbox 1726 2034 1880 2142; x_wconf 91' lang='lat' dir='ltr'>quibus</span> <span class='ocrx_word' id='word_1_40' title='bbox 1901 2067 1974 2122; x_wconf 86' lang='lat' dir='ltr'>ex·</span> 
     </span>
    </p>

    <p class='ocr_par' dir='ltr' id='par_1_6' title="bbox 322 2144 1975 2258">
     <span class='ocr_line' id='line_1_8' title="bbox 322 2144 1975 2258; baseline 0.006 -28"><span class='ocrx_word' id='word_1_41' title='bbox 322 2147 442 2258; x_wconf 87' lang='lat' dir='ltr'>pedit</span> <span class='ocrx_word' id='word_1_42' title='bbox 460 2151 725 2258; x_wconf 88' lang='lat' dir='ltr'>presencium</span> <span class='ocrx_word' id='word_1_43' title='bbox 745 2177 821 2258; x_wconf 88' lang='lat' dir='ltr'>per</span> <span class='ocrx_word' id='word_1_44' title='bbox 841 2155 1044 2232; x_wconf 90' lang='lat' dir='ltr'>tenorem.</span> <span class='ocrx_word' id='word_1_45' title='bbox 1096 2144 1317 2248; x_wconf 82' lang='lat' dir='ltr'>Quomodo</span> <span class='ocrx_word' id='word_1_46' title='bbox 1349 2147 1509 2232; x_wconf 92' lang='lat' dir='ltr'>Nobilis</span> <span class='ocrx_word' id='word_1_47' title='bbox 1531 2147 1782 2233; x_wconf 81' lang='lat' dir='ltr'>Marcissius&#39;</span> <span class='ocrx_word' id='word_1_48' title='bbox 1796 2155 1898 2239; x_wconf 86' lang='lat' dir='ltr'>alias</span> <span class='ocrx_word' id='word_1_49' title='bbox 1922 2158 1975 2240; x_wconf 93' lang='lat' dir='ltr'>de</span> 
     </span>
    </p>

    <p class='ocr_par' dir='ltr' id='par_1_7' title="bbox 323 2264 1975 2383">
     <span class='ocr_line' id='line_1_9' title="bbox 323 2264 1975 2383; baseline 0.006 -35"><span class='ocrx_word' id='word_1_50' title='bbox 323 2264 513 2352; x_wconf 83' lang='lat' dir='ltr'>Polunecz</span> <span class='ocrx_word' id='word_1_51' title='bbox 534 2266 588 2383; x_wconf 76' lang='lat'>(²)</span> <span class='ocrx_word' id='word_1_52' title='bbox 612 2268 843 2352; x_wconf 84' lang='lat' dir='ltr'>advocatus</span> <span class='ocrx_word' id='word_1_53' title='bbox 880 2277 1066 2351; x_wconf 87' lang='lat' dir='ltr'>nostram</span> <span class='ocrx_word' id='word_1_54' title='bbox 1087 2276 1409 2380; x_wconf 80' lang='lat' dir='ltr'>nostrorumque</span> <span class='ocrx_word' id='word_1_55' title='bbox 1432 2294 1691 2352; x_wconf 79' lang='lat' dir='ltr'>assessorum</span> <span class='ocrx_word' id='word_1_56' title='bbox 1711 2275 1975 2379; x_wconf 83' lang='lat' dir='ltr'>presenciam</span> 
     </span>
    </p>

    <p class='ocr_par' dir='ltr' id='par_1_8' title="bbox 320 2385 1972 2497">
     <span class='ocr_line' id='line_1_10' title="bbox 320 2385 1972 2497; baseline 0.005 -30"><span class='ocrx_word' id='word_1_57' title='bbox 320 2387 598 2494; x_wconf 79' lang='lat' dir='ltr'>personaliter</span> <span class='ocrx_word' id='word_1_58' title='bbox 634 2387 842 2470; x_wconf 83' lang='lat' dir='ltr'>accedens</span> <span class='ocrx_word' id='word_1_59' title='bbox 874 2413 957 2470; x_wconf 93' lang='lat' dir='ltr'>non</span> <span class='ocrx_word' id='word_1_60' title='bbox 989 2385 1248 2497; x_wconf 89' lang='lat' dir='ltr'>compulsus,</span> <span class='ocrx_word' id='word_1_61' title='bbox 1270 2413 1349 2468; x_wconf 91' lang='lat' dir='ltr'>nec</span> <span class='ocrx_word' id='word_1_62' title='bbox 1371 2387 1515 2494; x_wconf 90' lang='lat' dir='ltr'>aliquo</span> <span class='ocrx_word' id='word_1_63' title='bbox 1538 2385 1632 2471; x_wconf 88' lang='lat' dir='ltr'>dolo</span> <span class='ocrx_word' id='word_1_64' title='bbox 1654 2389 1873 2496; x_wconf 90' lang='lat' dir='ltr'>seductus,</span> <span class='ocrx_word' id='word_1_65' title='bbox 1895 2393 1972 2475; x_wconf 89' lang='lat' dir='ltr'>sed</span> 
     </span>
    </p>

    <p class='ocr_par' dir='ltr' id='par_1_9' title="bbox 283 2501 2101 4402">
     <span class='ocr_line' id='line_1_11' title="bbox 321 2501 2043 2614; baseline 0.005 -28"><span class='ocrx_word' id='word_1_66' title='bbox 321 2531 449 2587; x_wconf 88' lang='lat' dir='ltr'>sanus</span> <span class='ocrx_word' id='word_1_67' title='bbox 470 2515 610 2588; x_wconf 90' lang='lat' dir='ltr'>mente</span> <span class='ocrx_word' id='word_1_68' title='bbox 632 2513 676 2587; x_wconf 90' lang='lat' dir='ltr'>et</span> <span class='ocrx_word' id='word_1_69' title='bbox 695 2532 881 2614; x_wconf 87' lang='lat' dir='ltr'>corpore,</span> <span class='ocrx_word' id='word_1_70' title='bbox 913 2531 1078 2589; x_wconf 91' lang='lat' dir='ltr'>omnem</span> <span class='ocrx_word' id='word_1_71' title='bbox 1101 2504 1373 2588; x_wconf 84' lang='lat' dir='ltr'>advocaciam</span> <span class='ocrx_word' id='word_1_72' title='bbox 1394 2533 1514 2587; x_wconf 89' lang='lat' dir='ltr'>suam</span> <span class='ocrx_word' id='word_1_73' title='bbox 1535 2503 1700 2588; x_wconf 87' lang='lat' dir='ltr'>Ibidem</span> <span class='ocrx_word' id='word_1_74' title='bbox 1720 2510 1763 2591; x_wconf 91' lang='lat' dir='ltr'>in</span> <span class='ocrx_word' id='word_1_75' title='bbox 1782 2505 1973 2594; x_wconf 71' lang='lat' dir='ltr'>Polaaecz</span> <span class='ocrx_word' id='word_1_76' title='bbox 2036 2501 2043 2528; x_wconf 72' lang='lat'><strong>&#39;</strong></span> 
     </span>
     <span class='ocr_line' id='line_1_12' title="bbox 320 2623 1974 2736; baseline 0.004 -31"><span class='ocrx_word' id='word_1_77' title='bbox 320 2650 417 2708; x_wconf 90' lang='lat' dir='ltr'>cum</span> <span class='ocrx_word' id='word_1_78' title='bbox 438 2627 552 2708; x_wconf 90' lang='lat' dir='ltr'>omni</span> <span class='ocrx_word' id='word_1_79' title='bbox 573 2623 603 2708; x_wconf 84' lang='lat' dir='ltr'><strong>J</strong></span> <span class='ocrx_word' id='word_1_80' title='bbox 606 2652 678 2706; x_wconf 91' lang='lat' dir='ltr'>ure</span> <span class='ocrx_word' id='word_1_81' title='bbox 702 2633 744 2706; x_wconf 92' lang='lat' dir='ltr'>et</span> <span class='ocrx_word' id='word_1_82' title='bbox 764 2626 887 2734; x_wconf 91' lang='lat' dir='ltr'>pleno</span> <span class='ocrx_word' id='word_1_83' title='bbox 911 2623 1105 2727; x_wconf 85' lang='lat' dir='ltr'>dominio,</span> <span class='ocrx_word' id='word_1_84' title='bbox 1122 2634 1248 2731; x_wconf 90' lang='lat' dir='ltr'>prout</span> <span class='ocrx_word' id='word_1_85' title='bbox 1266 2623 1401 2732; x_wconf 86' lang='lat' dir='ltr'>ipsam</span> <span class='ocrx_word' id='word_1_86' title='bbox 1422 2623 1534 2707; x_wconf 88' lang='lat' dir='ltr'>solus</span> <span class='ocrx_word' id='word_1_87' title='bbox 1556 2627 1691 2707; x_wconf 91' lang='lat' dir='ltr'>tenuit</span> <span class='ocrx_word' id='word_1_88' title='bbox 1712 2637 1755 2709; x_wconf 87' lang='lat' dir='ltr'>et</span> <span class='ocrx_word' id='word_1_89' title='bbox 1774 2631 1974 2736; x_wconf 82' lang='lat' dir='ltr'>possedit,</span> 
     </span>
     <span class='ocr_line' id='line_1_13' title="bbox 320 2739 1972 2855; baseline 0.004 -31"><span class='ocrx_word' id='word_1_90' title='bbox 320 2767 508 2825; x_wconf 92' lang='lat' dir='ltr'>necnon</span> <span class='ocrx_word' id='word_1_91' title='bbox 530 2771 624 2825; x_wconf 92' lang='lat' dir='ltr'>cum</span> <span class='ocrx_word' id='word_1_92' title='bbox 663 2743 876 2845; x_wconf 88' lang='lat' dir='ltr'>omnibus,</span> <span class='ocrx_word' id='word_1_93' title='bbox 908 2753 952 2826; x_wconf 91' lang='lat' dir='ltr'>et</span> <span class='ocrx_word' id='word_1_94' title='bbox 971 2743 1146 2855; x_wconf 90' lang='lat' dir='ltr'>singulis</span> <span class='ocrx_word' id='word_1_95' title='bbox 1182 2741 1452 2845; x_wconf 82' lang='lat' dir='ltr'>utilitatibus,</span> <span class='ocrx_word' id='word_1_96' title='bbox 1490 2739 1719 2849; x_wconf 75' lang='lat' dir='ltr'>OensibuS,</span> <span class='ocrx_word' id='word_1_97' title='bbox 1754 2743 1972 2853; x_wconf 90' lang='lat' dir='ltr'>fructibus,</span> 
     </span>
     <span class='ocr_line' id='line_1_14' title="bbox 319 2858 1975 2976; baseline 0.002 -30"><span class='ocrx_word' id='word_1_98' title='bbox 319 2860 574 2966; x_wconf 87' lang='lat' dir='ltr'>redditibus,</span> <span class='ocrx_word' id='word_1_99' title='bbox 595 2858 949 2966; x_wconf 90' lang='lat' dir='ltr'>obuencionibus,</span> <span class='ocrx_word' id='word_1_100' title='bbox 972 2891 1023 2945; x_wconf 90' lang='lat' dir='ltr'>ac</span> <span class='ocrx_word' id='word_1_101' title='bbox 1041 2859 1281 2970; x_wconf 88' lang='lat' dir='ltr'>&#39;attinencijs</span> <span class='ocrx_word' id='word_1_102' title='bbox 1300 2861 1526 2964; x_wconf 88' lang='lat' dir='ltr'>uniuersis,</span> <span class='ocrx_word' id='word_1_103' title='bbox 1541 2861 1891 2976; x_wconf 21' lang='lat' dir='ltr'>&#39;quibuscumque</span> <span class='ocrx_word' id='word_1_104' title='bbox 1913 2866 1975 2950; x_wconf 91' lang='lat' dir='ltr'>di·</span> 
     </span>
     <span class='ocr_line' id='line_1_15' title="bbox 321 2981 1973 3094; baseline 0.005 -30"><span class='ocrx_word' id='word_1_105' title='bbox 321 2987 473 3064; x_wconf 88' lang='lat' dir='ltr'>cantur</span> <span class='ocrx_word' id='word_1_106' title='bbox 492 2981 745 3085; x_wconf 88' lang='lat' dir='ltr'>nominibus,</span> <span class='ocrx_word' id='word_1_107' title='bbox 776 2982 1007 3094; x_wconf 89' lang='lat' dir='ltr'>quemodo</span> <span class='ocrx_word' id='word_1_108' title='bbox 1028 2982 1186 3065; x_wconf 92' lang='lat' dir='ltr'>ibidem</span> <span class='ocrx_word' id='word_1_109' title='bbox 1207 2990 1306 3062; x_wconf 90' lang='lat' dir='ltr'>sunt</span> <span class='ocrx_word' id='word_1_110' title='bbox 1328 2987 1371 3062; x_wconf 92' lang='lat' dir='ltr'>et</span> <span class='ocrx_word' id='word_1_111' title='bbox 1390 2981 1650 3089; x_wconf 88' lang='lat' dir='ltr'>inposterum</span> <span class='ocrx_word' id='word_1_112' title='bbox 1671 2981 1762 3066; x_wconf 90' lang='lat' dir='ltr'>fieri</span> <span class='ocrx_word' id='word_1_113' title='bbox 1781 2996 1973 3094; x_wconf 88' lang='lat' dir='ltr'>possunt.</span> 
     </span>
     <span class='ocr_line' id='line_1_16' title="bbox 320 3098 1977 3213; baseline 0.002 -27"><span class='ocrx_word' id='word_1_114' title='bbox 320 3099 461 3186; x_wconf 91' lang='lat' dir='ltr'>Nichil</span> <span class='ocrx_word' id='word_1_115' title='bbox 489 3111 564 3210; x_wconf 83' lang='lat' dir='ltr'>pro</span> <span class='ocrx_word' id='word_1_116' title='bbox 587 3105 633 3184; x_wconf 82' lang='lat' dir='ltr'>&#39;se</span> <span class='ocrx_word' id='word_1_117' title='bbox 653 3101 724 3185; x_wconf 92' lang='lat' dir='ltr'>uel</span> <span class='ocrx_word' id='word_1_118' title='bbox 744 3102 1049 3213; x_wconf 80' lang='lat' dir='ltr'>consaguineis</span> <span class='ocrx_word' id='word_1_119' title='bbox 1081 3101 1167 3184; x_wconf 92' lang='lat' dir='ltr'>suis</span> <span class='ocrx_word' id='word_1_120' title='bbox 1197 3101 1239 3182; x_wconf 91' lang='lat' dir='ltr'>in</span> <span class='ocrx_word' id='word_1_121' title='bbox 1272 3098 1419 3183; x_wconf 88' lang='lat' dir='ltr'>eadem</span> <span class='ocrx_word' id='word_1_122' title='bbox 1449 3100 1618 3208; x_wconf 90' lang='lat' dir='ltr'>penitus</span> <span class='ocrx_word' id='word_1_123' title='bbox 1650 3100 1912 3189; x_wconf 84' lang='lat' dir='ltr'>excludendo</span> <span class='ocrx_word' id='word_1_124' title='bbox 1932 3109 1977 3190; x_wconf 93' lang='lat' dir='ltr'>in</span> 
     </span>
     <span class='ocr_line' id='line_1_17' title="bbox 320 3195 1975 3331; baseline 0.004 -29"><span class='ocrx_word' id='word_1_125' title='bbox 320 3195 491 3302; x_wconf 84' lang='lat' dir='ltr'>oentubn</span> <span class='ocrx_word' id='word_1_126' title='bbox 525 3218 677 3303; x_wconf 85' lang='lat' dir='ltr'>Marcis</span> <span class='ocrx_word' id='word_1_127' title='bbox 713 3221 945 3304; x_wconf 90' lang='lat' dir='ltr'>mediorum</span> <span class='ocrx_word' id='word_1_128' title='bbox 980 3247 1222 3331; x_wconf 89' lang='lat' dir='ltr'>grossorum</span> <span class='ocrx_word' id='word_1_129' title='bbox 1243 3227 1286 3300; x_wconf 91' lang='lat' dir='ltr'>et</span> <span class='ocrx_word' id='word_1_130' title='bbox 1305 3220 1347 3300; x_wconf 92' lang='lat' dir='ltr'>in</span> <span class='ocrx_word' id='word_1_131' title='bbox 1370 3215 1603 3328; x_wconf 82' lang='lat' dir='ltr'>Sexaginta</span> <span class='ocrx_word' id='word_1_132' title='bbox 1633 3247 1684 3302; x_wconf 90' lang='lat' dir='ltr'>ac</span> <span class='ocrx_word' id='word_1_133' title='bbox 1717 3219 1802 3308; x_wconf 77' lang='lat' dir='ltr'>sex</span> <span class='ocrx_word' id='word_1_134' title='bbox 1823 3226 1975 3310; x_wconf 90' lang='lat' dir='ltr'>marcis</span> 
     </span>
     <span class='ocr_line' id='line_1_18' title="bbox 321 3336 1976 3452; baseline 0.006 -32"><span class='ocrx_word' id='word_1_135' title='bbox 321 3337 838 3449; x_wconf 84' lang='lat' dir='ltr'>quartaliumparwlorum</span> <span class='ocrx_word' id='word_1_136' title='bbox 848 3347 1044 3422; x_wconf 87' lang='lat' dir='ltr'>strennuo</span> <span class='ocrx_word' id='word_1_137' title='bbox 1058 3336 1153 3452; x_wconf 81' lang='lat' dir='ltr'>(sic)</span> <span class='ocrx_word' id='word_1_138' title='bbox 1164 3337 1283 3422; x_wconf 90' lang='lat' dir='ltr'>Militi</span> <span class='ocrx_word' id='word_1_139' title='bbox 1292 3337 1460 3421; x_wconf 90' lang='lat' dir='ltr'>domino</span> <span class='ocrx_word' id='word_1_140' title='bbox 1470 3337 1976 3430; x_wconf 84' lang='lat' dir='ltr'>NicoleoSuboamerario</span> 
     </span>
     <span class='ocr_line' id='line_1_19' title="bbox 283 3454 1976 3570; baseline 0.002 -30"><span class='ocrx_word' id='word_1_141' title='bbox 283 3497 287 3506; x_wconf 92' lang='lat'>·</span> <span class='ocrx_word' id='word_1_142' title='bbox 319 3455 581 3560; x_wconf 83' lang='lat' dir='ltr'>lanciciensi,</span> <span class='ocrx_word' id='word_1_143' title='bbox 601 3484 680 3539; x_wconf 89' lang='lat' dir='ltr'>nec</span> <span class='ocrx_word' id='word_1_144' title='bbox 700 3483 785 3539; x_wconf 91' lang='lat' dir='ltr'>non</span> <span class='ocrx_word' id='word_1_145' title='bbox 807 3456 861 3538; x_wconf 91' lang='lat' dir='ltr'>de</span> <span class='ocrx_word' id='word_1_146' title='bbox 883 3454 1060 3540; x_wconf 77' lang='lat' dir='ltr'>lubniozn</span> <span class='ocrx_word' id='word_1_147' title='bbox 1080 3455 1135 3567; x_wconf 81' lang='lat'>(³)</span> <span class='ocrx_word' id='word_1_148' title='bbox 1155 3456 1318 3560; x_wconf 86' lang='lat' dir='ltr'>heredi,</span> <span class='ocrx_word' id='word_1_149' title='bbox 1350 3458 1523 3566; x_wconf 92' lang='lat' dir='ltr'>suisque</span> <span class='ocrx_word' id='word_1_150' title='bbox 1554 3459 1665 3542; x_wconf 87' lang='lat' dir='ltr'>veris</span> <span class='ocrx_word' id='word_1_151' title='bbox 1688 3486 1739 3542; x_wconf 87' lang='lat' dir='ltr'>ao</span> <span class='ocrx_word' id='word_1_152' title='bbox 1759 3459 1976 3570; x_wconf 80' lang='lat' dir='ltr'>legittImis</span> 
     </span>
     <span class='ocr_line' id='line_1_20' title="bbox 318 3574 1976 3689; baseline 0.004 -31"><span class='ocrx_word' id='word_1_153' title='bbox 318 3574 634 3659; x_wconf 87' lang='lat' dir='ltr'>successoribus</span> <span class='ocrx_word' id='word_1_154' title='bbox 655 3574 793 3658; x_wconf 84' lang='lat' dir='ltr'>fassus</span> <span class='ocrx_word' id='word_1_155' title='bbox 816 3585 881 3658; x_wconf 90' lang='lat' dir='ltr'>est</span> <span class='ocrx_word' id='word_1_156' title='bbox 899 3577 1168 3686; x_wconf 89' lang='lat' dir='ltr'>proposuisse</span> <span class='ocrx_word' id='word_1_157' title='bbox 1191 3587 1235 3658; x_wconf 89' lang='lat' dir='ltr'>et</span> <span class='ocrx_word' id='word_1_158' title='bbox 1255 3575 1492 3661; x_wconf 91' lang='lat' dir='ltr'>omnimode</span> <span class='ocrx_word' id='word_1_159' title='bbox 1514 3574 1738 3689; x_wconf 84' lang='lat' dir='ltr'>obligasse.</span> <span class='ocrx_word' id='word_1_160' title='bbox 1770 3577 1838 3660; x_wconf 86' lang='lat' dir='ltr'>Ita</span> <span class='ocrx_word' id='word_1_161' title='bbox 1860 3580 1976 3686; x_wconf 88' lang='lat' dir='ltr'>quod</span> 
     </span>
     <span class='ocr_line' id='line_1_21' title="bbox 318 3693 1977 3809; baseline 0.004 -33"><span class='ocrx_word' id='word_1_162' title='bbox 318 3694 410 3804; x_wconf 90' lang='lat' dir='ltr'>ipse</span> <span class='ocrx_word' id='word_1_163' title='bbox 432 3694 623 3778; x_wconf 89' lang='lat' dir='ltr'>dominus</span> <span class='ocrx_word' id='word_1_164' title='bbox 644 3693 844 3780; x_wconf 88' lang='lat' dir='ltr'>Nicolaus</span> <span class='ocrx_word' id='word_1_165' title='bbox 866 3697 951 3780; x_wconf 90' lang='lat' dir='ltr'>suis</span> <span class='ocrx_word' id='word_1_166' title='bbox 975 3721 1071 3777; x_wconf 87' lang='lat' dir='ltr'>oum</span> <span class='ocrx_word' id='word_1_167' title='bbox 1091 3697 1290 3804; x_wconf 90' lang='lat' dir='ltr'>posteris,</span> <span class='ocrx_word' id='word_1_168' title='bbox 1308 3694 1486 3775; x_wconf 88' lang='lat' dir='ltr'>eandem</span> <span class='ocrx_word' id='word_1_169' title='bbox 1508 3695 1794 3800; x_wconf 79' lang='lat' dir='ltr'>advocaciam,</span> <span class='ocrx_word' id='word_1_170' title='bbox 1815 3705 1864 3779; x_wconf 91' lang='lat' dir='ltr'>ut</span> <span class='ocrx_word' id='word_1_171' title='bbox 1881 3725 1977 3809; x_wconf 92' lang='lat' dir='ltr'>pre·</span> 
     </span>
     <span class='ocr_line' id='line_1_22' title="bbox 319 3805 1977 3923; baseline 0.004 -27"><span class='ocrx_word' id='word_1_172' title='bbox 319 3811 458 3920; x_wconf 88' lang='lat' dir='ltr'>fertur,</span> <span class='ocrx_word' id='word_1_173' title='bbox 480 3812 667 3898; x_wconf 83' lang='lat' dir='ltr'>Tamdiu</span> <span class='ocrx_word' id='word_1_174' title='bbox 686 3821 842 3918; x_wconf 87' lang='lat' dir='ltr'>teneat,</span> <span class='ocrx_word' id='word_1_175' title='bbox 864 3805 1023 3898; x_wconf 86' lang='lat' dir='ltr'>habeat</span> <span class='ocrx_word' id='word_1_176' title='bbox 1042 3822 1084 3894; x_wconf 89' lang='lat' dir='ltr'>et</span> <span class='ocrx_word' id='word_1_177' title='bbox 1103 3813 1339 3923; x_wconf 85' lang='lat' dir='ltr'>possideat,</span> <span class='ocrx_word' id='word_1_178' title='bbox 1371 3837 1594 3922; x_wconf 88' lang='lat' dir='ltr'>quousque</span> <span class='ocrx_word' id='word_1_179' title='bbox 1615 3814 1697 3898; x_wconf 90' lang='lat' dir='ltr'>sibi</span> <span class='ocrx_word' id='word_1_180' title='bbox 1716 3815 1787 3897; x_wconf 90' lang='lat' dir='ltr'>uel</span> <span class='ocrx_word' id='word_1_181' title='bbox 1807 3841 1977 3903; x_wconf 91' lang='lat' dir='ltr'>succes·</span> 
     </span>
     <span class='ocr_line' id='line_1_23' title="bbox 319 3929 1979 4048; baseline 0.005 -34"><span class='ocrx_word' id='word_1_182' title='bbox 319 3931 483 4018; x_wconf 87' lang='lat' dir='ltr'>soribus</span> <span class='ocrx_word' id='word_1_183' title='bbox 504 3933 590 4018; x_wconf 90' lang='lat' dir='ltr'>suis</span> <span class='ocrx_word' id='word_1_184' title='bbox 611 3935 794 4044; x_wconf 88' lang='lat' dir='ltr'>pecunia</span> <span class='ocrx_word' id='word_1_185' title='bbox 814 3935 1020 4044; x_wconf 88' lang='lat' dir='ltr'>premissa</span> <span class='ocrx_word' id='word_1_186' title='bbox 1038 3935 1157 4016; x_wconf 83' lang='lat' dir='ltr'>iuxta</span> <span class='ocrx_word' id='word_1_187' title='bbox 1173 3931 1306 4016; x_wconf 86' lang='lat' dir='ltr'>Terre</span> <span class='ocrx_word' id='word_1_188' title='bbox 1323 3929 1679 4024; x_wconf 81' lang='lat' dir='ltr'>consuetudinem</span> <span class='ocrx_word' id='word_1_189' title='bbox 1700 3961 1776 4043; x_wconf 92' lang='lat' dir='ltr'>per</span> <span class='ocrx_word' id='word_1_190' title='bbox 1796 3935 1979 4048; x_wconf 88' lang='lat' dir='ltr'>aliquem</span> 
     </span>
     <span class='ocr_line' id='line_1_24' title="bbox 318 4049 1977 4166; baseline 0.004 -30"><span class='ocrx_word' id='word_1_191' title='bbox 318 4055 662 4164; x_wconf 85' lang='lat' dir='ltr'>propinquiorem</span> <span class='ocrx_word' id='word_1_192' title='bbox 682 4054 943 4166; x_wconf 83' lang='lat' dir='ltr'>integraliter</span> <span class='ocrx_word' id='word_1_193' title='bbox 963 4051 1088 4135; x_wconf 86' lang='lat' dir='ltr'>fuerit</span> <span class='ocrx_word' id='word_1_194' title='bbox 1106 4049 1424 4160; x_wconf 81' lang='lat' dir='ltr'>persolutaboo</span> <span class='ocrx_word' id='word_1_195' title='bbox 1448 4050 1582 4164; x_wconf 86' lang='lat' dir='ltr'>eciam</span> <span class='ocrx_word' id='word_1_196' title='bbox 1603 4080 1689 4137; x_wconf 92' lang='lat' dir='ltr'>non</span> <span class='ocrx_word' id='word_1_197' title='bbox 1711 4051 1908 4160; x_wconf 91' lang='lat' dir='ltr'>obmiss0,</span> <span class='ocrx_word' id='word_1_198' title='bbox 1931 4056 1977 4144; x_wconf 90' lang='lat' dir='ltr'>Si</span> 
     </span>
     <span class='ocr_line' id='line_1_25' title="bbox 318 4168 1973 4284; baseline 0.003 -30"><span class='ocrx_word' id='word_1_199' title='bbox 318 4169 438 4255; x_wconf 89' lang='lat' dir='ltr'>Idem</span> <span class='ocrx_word' id='word_1_200' title='bbox 475 4173 667 4257; x_wconf 89' lang='lat' dir='ltr'>dominus</span> <span class='ocrx_word' id='word_1_201' title='bbox 702 4173 901 4258; x_wconf 88' lang='lat' dir='ltr'>Nicolaus</span> <span class='ocrx_word' id='word_1_202' title='bbox 938 4197 1012 4284; x_wconf 90' lang='lat' dir='ltr'>per</span> <span class='ocrx_word' id='word_1_203' title='bbox 1053 4171 1362 4284; x_wconf 85' lang='lat' dir='ltr'>quemuispiam</span> <span class='ocrx_word' id='word_1_204' title='bbox 1398 4168 1523 4252; x_wconf 90' lang='lat' dir='ltr'>modo</span> <span class='ocrx_word' id='word_1_205' title='bbox 1561 4172 1703 4284; x_wconf 91' lang='lat' dir='ltr'>aliquo</span> <span class='ocrx_word' id='word_1_206' title='bbox 1724 4201 1801 4282; x_wconf 87' lang='lat' dir='ltr'>pro</span> <span class='ocrx_word' id='word_1_207' title='bbox 1824 4175 1973 4259; x_wconf 85' lang='lat' dir='ltr'>eadem</span> 
     </span>
     <span class='ocr_line' id='line_1_26' title="bbox 321 4283 2101 4402; baseline 0.002 -28"><span class='ocrx_word' id='word_1_208' title='bbox 321 4283 1590 4402; x_wconf 85' lang='lat' dir='ltr'>advocaciavelsuispertinencijsforetinpeditus(sic).Tunc</span> <span class='ocrx_word' id='word_1_209' title='bbox 1606 4291 1717 4376; x_wconf 92' lang='lat' dir='ltr'>idem</span> <span class='ocrx_word' id='word_1_210' title='bbox 1730 4290 1972 4378; x_wconf 88' lang='lat' dir='ltr'>Marcissius</span> <span class='ocrx_word' id='word_1_211' title='bbox 2099 4342 2101 4348; x_wconf 34' lang='grc' dir='ltr'><strong><em>ι</em></strong></span> 
     </span>
    </p>
   </div>
   <div class='ocr_carea' id='block_1_5' title="bbox 318 4521 1974 5043">
    <p class='ocr_par' dir='ltr' id='par_1_10' title="bbox 318 4521 1974 5043">
     <span class='ocr_line' id='line_1_27' title="bbox 424 4521 1972 4612; baseline 0.003 -23"><span class='ocrx_word' id='word_1_212' title='bbox 424 4524 462 4604; x_wconf 80' lang='lat'>(¹)</span> <span class='ocrx_word' id='word_1_213' title='bbox 486 4523 537 4589; x_wconf 85' lang='lat' dir='ltr'>Ex</span> <span class='ocrx_word' id='word_1_214' title='bbox 552 4523 702 4610; x_wconf 86' lang='lat' dir='ltr'>originali</span> <span class='ocrx_word' id='word_1_215' title='bbox 716 4524 802 4612; x_wconf 88' lang='lat' dir='ltr'>apud</span> <span class='ocrx_word' id='word_1_216' title='bbox 817 4523 899 4592; x_wconf 83' lang='lat' dir='ltr'>Jose</span> <span class='ocrx_word' id='word_1_217' title='bbox 923 4524 1002 4590; x_wconf 91' lang='lat' dir='ltr'>hum</span> <span class='ocrx_word' id='word_1_218' title='bbox 1022 4523 1231 4590; x_wconf 86' lang='lat' dir='ltr'>Rusieccium</span> <span class='ocrx_word' id='word_1_219' title='bbox 1238 4523 1277 4588; x_wconf 88' lang='lat' dir='ltr'>de</span> <span class='ocrx_word' id='word_1_220' title='bbox 1287 4521 1408 4594; x_wconf 81' lang='lat' dir='ltr'>Codice</span> <span class='ocrx_word' id='word_1_221' title='bbox 1417 4531 1531 4592; x_wconf 83' lang='lat' dir='ltr'>nostro</span> <span class='ocrx_word' id='word_1_222' title='bbox 1541 4525 1621 4591; x_wconf 89' lang='lat' dir='ltr'>bene</span> <span class='ocrx_word' id='word_1_223' title='bbox 1634 4523 1785 4589; x_wconf 85' lang='lat' dir='ltr'>meritum</span> <span class='ocrx_word' id='word_1_224' title='bbox 1794 4535 1972 4608; x_wconf 81' lang='lat' dir='ltr'>asservato,</span> 
     </span>
     <span class='ocr_line' id='line_1_28' title="bbox 318 4605 1681 4694; baseline -0.002 -20"><span class='ocrx_word' id='word_1_225' title='bbox 318 4607 387 4674; x_wconf 86' lang='lat' dir='ltr'>Leo</span> <span class='ocrx_word' id='word_1_226' title='bbox 403 4605 656 4693; x_wconf 84' lang='lat' dir='ltr'>Rzyszczewski</span> <span class='ocrx_word' id='word_1_227' title='bbox 671 4617 704 4673; x_wconf 86' lang='lat' dir='ltr'>et</span> <span class='ocrx_word' id='word_1_228' title='bbox 719 4609 883 4676; x_wconf 84' lang='lat' dir='ltr'>Antonius</span> <span class='ocrx_word' id='word_1_229' title='bbox 941 4607 1129 4676; x_wconf 80' lang='lat' dir='ltr'>ucrkowski</span> <span class='ocrx_word' id='word_1_230' title='bbox 1145 4608 1399 4694; x_wconf 89' lang='lat' dir='ltr'>descripserunt.</span> <span class='ocrx_word' id='word_1_231' title='bbox 1424 4605 1540 4692; x_wconf 85' lang='lat' dir='ltr'>Sigille</span> <span class='ocrx_word' id='word_1_232' title='bbox 1555 4607 1681 4673; x_wconf 88' lang='lat' dir='ltr'>desunt.</span> 
     </span>
     <span class='ocr_line' id='line_1_29' title="bbox 346 4691 1974 4842; baseline 0.009 -92"><span class='ocrx_word' id='word_1_233' title='bbox 346 4741 364 4793; x_wconf 83' lang='lat'>&#39;.</span> <span class='ocrx_word' id='word_1_234' title='bbox 422 4691 465 4792; x_wconf 55' lang='lat' dir='ltr'>(J)</span> <span class='ocrx_word' id='word_1_235' title='bbox 489 4693 647 4842; x_wconf 59' lang='lat' dir='ltr'>Pglant&#39;ee,</span> <span class='ocrx_word' id='word_1_236' title='bbox 665 4693 745 4760; x_wconf 88' lang='lat' dir='ltr'>urbs</span> <span class='ocrx_word' id='word_1_237' title='bbox 768 4695 803 4759; x_wconf 89' lang='lat' dir='ltr'>in</span> <span class='ocrx_word' id='word_1_238' title='bbox 820 4692 1076 4762; x_wconf 86' lang='lat' dir='ltr'>Sandomiriensi</span> <span class='ocrx_word' id='word_1_239' title='bbox 1089 4693 1270 4778; x_wconf 81' lang='lat' dir='ltr'>provincia,</span> <span class='ocrx_word' id='word_1_240' title='bbox 1294 4693 1380 4778; x_wconf 83' lang='lat' dir='ltr'>apud</span> <span class='ocrx_word' id='word_1_241' title='bbox 1399 4700 1506 4788; x_wconf 83' lang='lat' dir='ltr'>ipsam</span> <span class='ocrx_word' id='word_1_242' title='bbox 1519 4691 1692 4812; x_wconf 66' lang='lat' dir='ltr'>vistulam,</span> <span class='ocrx_word' id='word_1_243' title='bbox 1715 4691 1792 4760; x_wconf 91' lang='lat' dir='ltr'>olim</span> <span class='ocrx_word' id='word_1_244' title='bbox 1807 4696 1974 4766; x_wconf 83' lang='lat' dir='ltr'>castellani</span> 
     </span>
     <span class='ocr_line' id='line_1_30' title="bbox 323 4800 1828 4953; baseline 0.003 -25"><span class='ocrx_word' id='word_1_245' title='bbox 323 4800 639 4949; x_wconf 52' lang='lat' dir='ltr'>mmorlllsehulrsnicu,</span> <span class='ocrx_word' id='word_1_246' title='bbox 659 4861 737 4930; x_wconf 81' lang='lat' dir='ltr'>villa</span> <span class='ocrx_word' id='word_1_247' title='bbox 752 4873 803 4932; x_wconf 88' lang='lat' dir='ltr'>est</span> <span class='ocrx_word' id='word_1_248' title='bbox 817 4863 961 4950; x_wconf 82' lang='lat' dir='ltr'>regionis</span> <span class='ocrx_word' id='word_1_249' title='bbox 976 4863 1200 4949; x_wconf 83' lang='lat' dir='ltr'>Zgierscensis</span> <span class='ocrx_word' id='word_1_250' title='bbox 1215 4863 1249 4930; x_wconf 87' lang='lat' dir='ltr'>in</span> <span class='ocrx_word' id='word_1_251' title='bbox 1262 4863 1422 4948; x_wconf 81' lang='lat' dir='ltr'>Masovia3</span> <span class='ocrx_word' id='word_1_252' title='bbox 1437 4861 1597 4953; x_wconf 86' lang='lat' dir='ltr'>parochia</span> <span class='ocrx_word' id='word_1_253' title='bbox 1612 4861 1702 4930; x_wconf 89' lang='lat' dir='ltr'>urbis</span> <span class='ocrx_word' id='word_1_254' title='bbox 1714 4861 1828 4946; x_wconf 69' lang='lat' dir='ltr'>Paua</span> 
     </span>
     <span class='ocr_line' id='line_1_31' title="bbox 477 4963 1767 5043; baseline -0.001 -35"><span class='ocrx_word' id='word_1_255' title='bbox 477 4963 559 5010; x_wconf 60' lang='lat' dir='ltr'>{emus</span> <span class='ocrx_word' id='word_1_256' title='bbox 571 4965 613 5007; x_wconf 83' lang='lat'>111.</span> <span class='ocrx_word' id='word_1_257' title='bbox 823 4969 827 4978; x_wconf 93' lang='grc'><em>“</em></span> <span class='ocrx_word' id='word_1_258' title='bbox 1289 5028 1294 5043; x_wconf 53' lang='grc' dir='ltr'>Ι</span> <span class='ocrx_word' id='word_1_259' title='bbox 1726 4968 1767 5030; x_wconf 69' lang='grc'>47</span> 
     </span>
    </p>
   </div>
   <div class='ocr_carea' id='block_1_6' title="bbox 0 0 2432 5929">
    <p class='ocr_par' dir='ltr' id='par_1_11' title="bbox 0 0 2432 5929">
     <span class='ocr_line' id='line_1_32' title="bbox 0 0 2432 5929; baseline 0 0"><span class='ocrx_word' id='word_1_260' title='bbox 0 0 2432 5929; x_wconf 95' lang='lat' dir='ltr'> </span> 
     </span>
    </p>
   </div>
  </div>
 </body>
</html>
