4822 5924
1127 663 1404 742 *344³-

435 881 515 967 otis
536 873 783 990 parentibus
804 877 983 980 totaque
1003 867 1239 981 propagine
1259 865 1562 973 interranum,
1584 867 1845 980 temporibus
1866 874 2093 984 perpessis,

433 1009 618 1116 quatuor
638 1004 886 1102 temporum,
909 999 1060 1099 quater
1079 990 1123 1072 in
1144 985 1337 1098 quolibet
1358 1011 1487 1090 anno,
1509 990 1661 1072 missas
1684 1000 1878 1098 quatuor,
1895 993 2095 1079 videlicet

431 1119 535 1203 feria
555 1124 727 1229 quarta,
750 1111 915 1223 quinta,
948 1118 1069 1193 sexta
1090 1117 1133 1192 et
1154 1103 1376 1194 sabbatho
1409 1106 1701 1192 defunctorum
1733 1107 1947 1194 celebrare
1975 1123 2095 1197 tene-

429 1237 600 1322 buntur.
647 1233 883 1342 Eidemque
905 1229 1076 1314 Rectori
1095 1225 1315 1312 Ecclesiae
1329 1230 1418 1336 jam
1441 1227 1582 1310 dictae
1606 1237 1648 1311 et
1667 1229 1754 1312 suis
1774 1229 1975 1338 legitimis
1997 1259 2095 1317 suc·

430 1352 672 1442 cessoribus
695 1377 793 1434 cum
814 1350 927 1432 omni
941 1349 1040 1458 jure
1059 1357 1104 1432 et
1123 1345 1317 1448 militate,
1332 1345 1414 1430 hoc
1437 1346 1588 1430 dumus
1610 1355 1912 1432 testamentum
1932 1351 1976 1434 in
1995 1379 2094 1464 per·

427 1485 606 1586 potuum
638 1467 956 1581 possidendum.
1009 1465 1077 1550 Ita
1097 1476 1260 1567 tamen,
1282 1465 1397 1576 quod
1412 1465 1503 1574 jam
1527 1464 1686 1548 dictum
1706 1477 2007 1552 testamentum
2027 1472 2092 1554 in·
2140 1565 2143 1574 .

429 1581 731 1680 commutabile
754 1592 797 1668 et
817 1586 1072 1671 invendibile
1094 1587 1165 1688 sit,
1187 1593 1233 1666 et
1253 1583 1309 1667 ab
1329 1581 1527 1666 Ecclesia
1553 1585 1731 1697 ejusque
1753 1588 1850 1672 dote
1873 1610 2091 1697 nunquam

430 1710 711 1798 alienandum.
746 1707 897 1790 Actum
923 1713 966 1788 et
985 1703 1130 1788 datum
1152 1706 1195 1786 in
1218 1699 1374 1784 Grodelt
1396 1699 1447 1786 A.
1469 1701 1523 1786 D.
1550 1705 1674 1808 1390,
1695 1704 1738 1786 in
1760 1715 1969 1792 autumno·
1986 1721 2030 1794 et
2048 1710 2090 1794 in

431 1833 498 1917 die
542 1829 585 1916 S.
629 1825 830 1916 Stanielai
865 1823 1081 1910 Pontificis
1125 1833 1167 1907 et
1199 1821 1397 1930 Martyris
1435 1822 1620 1934 gloriosi.
1687 1822 1987 1910 Praesentibus
2026 1829 2091 1914 his

428 1947 608 2034 'testibus
642 1943 865 2036 Nobilibus
896 1951 940 2024 et
969 1941 1172 2026 Discretis
1209 1943 1307 2024 viris
1343 1937 1521 2024 Joannis
1554 1937 1652 2054 (sic)
1685 1955 1728 2024 et
1749 1941 2018 2030 Haeredibus
2040 1949 2091 2032 de

430 2064 660 2164 Banasa,-
684 2061 905 2174 Spytkone
921 2073 964 2144 et
981 2061 1200 2146 Clemente
1221 2057 1420 2144 fratribus
1442 2059 1620 2163 uternis,
1640 2059 1820 2147 Mortino
1842 2063 1956 2148 dicto
1977 2061 2093 2148 Ban-

432 2185 613 2270 drescha
634 2183 813 2267 sculteto
837 2181 889 2265 de
911 2179 1129 2263 Bortlcowa
1150 2175 1205 2294 (⁴)
1227 2189 1270 2261 et
1291 2176 1542 2266 Sventosluo
1573 2177 1771 2264 fratribus
1802 2185 1982 2288 uternis,
2013 2183 2091 2270 Jo-

434 2335 541 2389 anne
562 2303 750 2387 haerede
770 2303 814 2384 in
834 2295 1004 2383 Lazieloo
1027 2309 1069 2381 ct
1089 2300 1181 2382 aliis
1202 2297 1284 2381 fide
1308 2297 1460 2410 dignis.
1510 2297 1561 2384 In
1584 2301 1704 2383 cuius
1725 2301 1783 2384 rei
1805 2303 2091 2388 testimonium

434 2423 621 2538 sigillum
641 2429 830 2506 nostrum
851 2427 916 2501 est
937 2445 1184 2530 appensum.

436 2679 440 2686 '
537 2655 580 2741 (⁴)
601 2655 690 2724 Villa
704 2655 801 2722 etiam
814 2655 849 2720 in
864 2651 1024 2741 parochis
1036 2651 1236 2720 Podoliensi.

1157 3061 1372 3178 CLXXV.

789 3319 1098 3465 floroaeyntt
1111 3323 1209 3406 -4
1225 3321 1388 3403 soon
1405 3317 1553 3406 1³92
1573 3291 1739 3406 cuno.

424 3507 427 3512 Ι
479 3545 772 3620 vlunt-rnna
794 3541 1002 3630 sugerio
1018 3557 1074 3614 rar
1087 3541 1226 3614 lobrim
1240 3539 1333 3615 silos
1348 3539 1557 3621 Krzioowiea,
1569 3543 1694 3616 termis
1707 3543 1746 3616 lo
1764 3545 1906 3626 Tomoe,
1922 3547 2050 3636 patrum

672 3645 922 3722 sudomiriensis
935 3643 1123 3735 privilegium
1140 3648 1173 3716 a
1186 3643 1487 3738 mnruutujnru
1501 3646 1649 3720 teutonici
1663 3646 1790 3736 lurotu
1808 3650 1859 3730 (¹).

541 3855 592 3940 In
612 3857 777 3940 nomine
800 3851 955 3940 domini
977 3879 1113 3936 amen.
1160 3849 1419 3938 Wladislaus
1443 3851 1509 3934 dei
1530 3855 1676 3968 gracia
1705 3853 1799 3940 Rex
1818 3853 1990 3940 Polonie
2012 3887 2093 3943 nec

436 3971 522 4062 non
558 3985 760 4056 terrarum
785 3971 991 4059 Oracouic
1015 3971 1276 4056 Sandomirie
1300 3967 1462 4054 Siradic
1483 3969 1686 4058 Lanoicie
1709 3973 1901 4084 Ouyauie
1920 3973 2093 4061 litusnie

438 4095 634 4210 princeps
657 4119 888 4201 supremus.
930 4089 1178 4174 Pomeranie
1200 4089 1438 4198 Russieque
1461 4090 1654 4178 dominus
1678 4104 1719 4176 et
1739 4093 1875 4198 heres,
1899 4102 1979 4181 etc.
2024 4094 2096 4182 Ad

437 4214 498 4299 rei
531 4213 772 4298 memoriam
810 4209 1127 4318 sempiternam,
1170 4205 1468 4318 Significamus
1508 4210 1714 4296 uniuersis
1749 4213 2017 4322 presentibus
2052 4227 2097 4300 ct

438 4333 588 4417 futuris
608 4331 870 4445 presencium
892 4329 1092 4412 noticiam
1112 4323 1336 4430 habituris,
1373 4321 1498 4425 Quod
1520 4332 1796 4416 consideratis
1818 4333 2094 4446 multiplicum

441 4449 740 4564 obsequiorum
759 4445 1036 4533 fidelitatibus
1059 4461 1101 4530 et
1120 4445 1276 4533 meritis
1299 4443 1453 4554 quibus
1475 4449 1589 4559 apud
1610 4459 1797 4535 nostram
1828 4451 2093 4541 maiestatem
2217 4529 2221 4536 .

440 4571 602 4656 validus
623 4568 919 4656 lohannesde
941 4568 1135 4654 Tbmneso
1156 4565 1370 4678 palatinus
1390 4575 1534 4653 noster
1556 4567 1928 4676 Sandomiriensis,
1958 4571 2095 4656 fidelis

546 4830 584 4914 (¹)
606 4829 659 4900 Ex
673 4781 855 4920 archetypo
868 4797 1078 4920 descriptum.
1101 4827 1197 4904 cont
1212 4827 1358 4905 tabulam
1372 4827 1441 4916 (Νο.
1453 4828 1631 4916 CLXXII>
1651 4854 1753 4922 supro
1763 4830 1895 4913 editum.
1907 4831 1986 4900 unni
2002 4833 2098 4917 1388,
