4822 5924
1119 711 1296 791 -842
1350 748 1395 768 ··

431 927 708 1033 gnanmrqm·
729 913 872 1006 villae
882 920 1055 1008 noemae
1085 912 1335 1022 Tiorelurr
1322 943 1367 996 ιιι
1387 922 1499 1006 terro
1541 910 1742 1002 Woicenai
1757 915 1866 1004 altae
1887 917 2092 1009 conditior

431 1067 530 1132 nem
543 1039 737 1128 volontas
747 1032 894 1121 facere
902 1033 1141 1138 meliorem,
1157 1033 1232 1118 ut
1222 1062 1266 1119 m
1279 1032 1562 1125 collocatione
1579 1033 1796 1123 hominum
1809 1035 1979 1124 foelicia
1995 1037 2094 1152 (sic)

401 1224 403 1230 s
433 1157 638 1266 ,uscipiat
654 1157 927 1242 incrementa
982 1150 1230 1239 Scultotiam
1253 1154 1438 1240 ciusdem
1460 1153 1583 1242 villae
1601 1153 1817 1245 iburclow
1839 1156 2019 1246 Nicolac
2041 1159 2093 1248 de

432 1273 571 1366 Jcarcl
597 1274 704 1366 alias
733 1273 917 1363 Michael
945 1272 1062 1358 dicto
1079 1300 1158 1381 ‚pro
1182 1272 1329 1361 decem
1360 1274 1513 1362 marcis
1546 1294 1790 1382 grossorum
1816 1275 2097 1389 Progensium

431 1401 628 1485 monetae
660 1393 930 1503 repondens
972 1391 1273 1479 Polonioalium
1314 1392 1579 1477 vendidimus
1598 1401 1660 1479 et
1693 1396 1918 1482 vendimus
1952 1404 2097 1484 tenore

430 1515 716 1625 praesentium
755 1512 967 1602 mediante
1007 1512 1170 1597 ratione
1212 1511 1330 1599 ouius
1374 1509 1605 1606 scuteliae
1636 1508 1717 1597 sibi
1737 1541 1867 1600 uuum
1903 1542 2095 1603 mansum

431 1657 631 1744 agrorum
651 1631 1266 1733 mansmrtummolendinum,
1297 1630 1538 1733 tabernam,
1569 1641 1739 1738 pratum
1760 1633 1923 1741 syluam
1944 1635 1987 1718 in
2007 1635 2094 1722 auls

429 1749 780 1842 limiconiensi
812 1777 907 1839 oum
939 1746 1124 1860 utraque,
1151 1761 1270 1858 parte
1302 1749 1461 1837 littoris
1486 1749 1602 1858 fluvij
1633 1747 1753 1867 Ropu
1772 1753 2095 1840 tertiumrdenae

431 1873 540 1961 rium
562 1869 854 1972 decenaibus,
878 1880 920 1959 et
940 1879 1108 1956 sextum
1129 1869 1182 1951 de
1206 1867 1400 1977 quolibet
1419 1896 1464 1950 re
1486 1868 2002 1980 iudicataadiungimus,
2021 1901 2096 1982 par

388 1992 390 2000 ’
432 1990 618 2080 eundem
645 1989 827 2082 Michael
859 1987 1037 2095 eiusque
1066 1987 1220 2082 liberos
1244 1997 1285 2070 et
1306 2011 1575 2075 successores
1605 1989 1819 2098 legitimos
1845 1991 2092 2082 ,habendum

425 2109 660 2215 'tenendum
690 2108 959 2195 vendendum
982 2119 1062 2192 otc.
1098 2109 1313 2216 perpetuis
1344 2107 1603 2216 temporibus
1634 2108 1959 2220 possidendum,
1981 2107 2093 2200 Ocu·

432 2221 808 2335 stituendc'ipsum
828 2226 1077 2322 Michaelem
1099 2229 1277 2336 eiusque
1297 2225 1504 2312 haeredes
1517 2254 1856 2322 acsuccassores
1878 2229 2089 2338 legitimos

432 2346 627 2436 ciusdem¹
641 2345 875 2434 Scultctiae
895 2373 1017 2431 verca
1041 2343 1232 2429 dominos
1254 2373 1306 2428 ae
1326 2345 1535 2458 legidmcs
1556 2338 1835 2456 possessores:
1860 2345 1941 2432 Oui
1963 2350 2089 2438 etiam

430 2463 631 2554 Michaeli
651 2467 791 2552 omnia
811 2461 932 2566 dura,
954 2464 1108 2570 quibus
1128 2465 1286 2546 caeteri
1307 2467 1474 2551 sculteti
1494 2465 1539 2549 in
1560 2483 1672 2550 terra
1688 2465 1899 2576 Voyczensi
1912 2465 1967 2578 (²)
1989 2495 2090 2556 ocn-

429 2585 567 2669 stituti
586 2585 793 2672 hactenus
815 2583 1127 2684 utebantur,.et
1146 2583 1357 2688 fruuntur,
1380 2606 1464 2666 una
1486 2609 1582 2668 cum
1604 2583 1779 2680 duribus
1802 2585 2091 2674 Theutonioa·

429 2701 542 2796 libus
584 2703 853 2812 concedimus
897 2699 1046 2788 damus
1091 2703 1344 2798 ocliferimus
1390 2711 1596 2812 perpetuo
1628 2715 1673 2786 et
1703 2703 1967 2796 donaulmus·
2027 2705 2092 2796 ΕΟ
2218 2795 2227 2819 ,

432 2824 560 2908 eliam
593 2823 758 2908 adiecto
790 2813 906 2932 quod
935 2821 1049 2906 idem
1078 2821 1260 2918 Michael
1297 2824 1482 2932 eiusque*
1504 2823 1708 2919 haeredes
1739 2846 1792 2908 ac
1822 2846 2090 2918 successores

430 2939 607 3053 legitimi
642 2943 698 3024 ad
733 2940 971 3052 quamlibet
1007 2942 1316 3050 expeditionem
1350 2941 1476 3027 nobis
1511 2969 1576 3036 ac.²
1599 2941 1916 3029 successoribus
1937 2946 2089 3031 nostris

430 3063 589 3142 seruire
612 3090 707 3142 cum
729 3085 815 3142 una
835 3059 988 3142 balista
1009 3061 1051 3140 in
1074 3087 1183 3170 equo
1205 3061 1503 3147 benevalente
1525 3062 1683 3146 seruire
1698 3059 1795 3173 (sic)
1812 3063 1896 3154 sint
1918 3065 2091 3150 astricti.

432 3177 662 3265 Caeterum
694 3178 950 3263 Omethones
974 3187 1017 3259 et
1036 3178 1210 3262 Incolae
1240 3179 1362 3262 villae
1397 3181 1644 3290 praedictae
1667 3182 1883 3266 Tlrcrelrcrc
1904 3179 2026 3265 nobis
2050 3193 2093 3268 et

422 3297 747 3385 successoribus
783 3306 879 3381 nost
881 3301 936 3379 ris
863 3295 1011 3380 tde
1033 3297 1223 3407 quolibet
1257 3325 1404 3384 manso
1440 3305 1629 3408 ternpore
1662 3300 1804 3383 debito
1826 3307 1868 3380 et
1890 3312 2092 3388 consueto

432 3420 650 3500 annuatim
673 3425 769 3501 octo
746 3425 884 3500 otsco
886 3443 931 3498 cs
954 3442 1197 3526 grossorum
1219 3417 1381 3502 solvere
1403 3418 1638 3502 omnimode
1671 3417 1888 3502 debebunt
1871 3428 1952 3503 tet
1971 3431 2090 3504 tene·

430 3535 600 3620 buntur.
661 3533 746 3618 Act
729 3544 818 3618 tum
839 3537 882 3616 in
911 3532 1097 3642 Wopru'cr
1119 3535 1137 3647 (
1144 3529 1207 3643 ³⁴)
1195 3565 1238 3620 ιιι
1261 3541 1440 3622 crastino
1479 3547 1719 3621 sanctorum
1750 3538 1865 3622 Petri
1898 3551 1941 3622 et
1969 3541 2089 3626 Pauli
2133 3551 2138 3558 “

431 3655 569 3766 Apost
552 3655 728 3740 tolonum
755 3657 880 3739 1388.
916 3653 1215 3738 Praesentibus
1237 3667 1318 3741 etc.
1342 3655 1410 3770 (⁴.)

430 3917 541 3986 mundi
557 3917 608 3984 Ao
635 3919 699 3984 usti
715 3915 839 3982 invenit
842 3941 889 3992 ur,
906 3916 1082 4014 descripsit
1098 3917 1305 3983 doctissimus
1321 3915 1397 3981 clim
1412 3915 1573 3982 Antonius
1589 3915 1832 3988 Mcczkowski.
1854 3917 2003 3983 omnibus
2019 3941 2089 3984 ver·

429 4000 481 4070 bis
495 4003 623 4074 ornan
648 4022 686 4068 ua
712 4003 853 4072 omissis.
891 3999 1105 4073 Confirmatio
1130 4001 1294 4088 privilegii
1320 3999 1564 4085 nSigisrnundc
1591 4003 1760 4110 Angusto
1755 4001 1848 4069 dau
1858 4007 1910 4069 ert
1928 4001 1980 4068 dis
1995 4003 2091 4070 3Ja·

432 4089 1221 4268 nuan1(²1'⁵61peppppsse,.,in,·terrffljnicefisi:
1224 4169 1280 4234 'in
1296 4179 1407 4267 quaet
1394 4127 1498 4236 tvilla
1516 4152 1685 4239 Tarrlrcw
1676 4171 1851 4238 rnvenitur.

536 4259 574 4339 (δι
606 4258 753 4341 Wojnicz‚
778 4220 864 4332 urbi,
880 4255 973 4333 sedes
1000 4253 1168 4327 castellani
1193 4254 1325 4340 majoris
1310 4257 1380 4320 in
1401 4253 1612 4333 Cracovieusi
1638 4256 1713 4322 clim
1739 4256 1921 4343 provincia,
1943 4277 2029 4384 nunc
2054 4257 2089 4324 in

432 4343 583 4514 (lametula)
599 4427 818 4499 Praesentea'
807 4451 842 4512 ιιι
859 4425 1051 4577 tpogrrpllc
1069 4389 1237 4496 Tabulmii
1251 4423 1374 4509 publici
1389 4423 1514 4495 desunt
1640 4472 1643 4482 -
