4930 5922
1360 643 1370 652 a

1139 725 1220 763 ·-
1271 689 1320 762 ⁰⁰
1370 725 1422 742 -

1006 751 1011 760 ι

459 909 556 984 ster.
570 941 574 947 ·
586 895 772 981 Demum
791 889 940 1009 siquis
960 889 1073 972 hano
1092 899 1240 975 nostra
1259 891 1506 976 donacionis
1526 887 1730 1001 paginam
1748 887 1978 1002 miringat-o
2002 917 2128 974 acce·

216 1107 225 1114 ,
457 1010 786 1129 ptauerit(?)nel
808 1009 844 1117 ej
868 1034 979 1090 ausu
997 1011 1220 1093 temerario
1238 1012 1447 1094 contraire
1461 1009 1808 1118 indignacionem
1828 1010 2127 1118 omnipotentis

337 1227 338 1232 Ν
460 1135 529 1218 dei
548 1133 725 1241 eiusque
744 1127 890 1210 matris
911 1123 1098 1236 Virginis
1121 1127 1302 1238 gloriose
1323 1153 1370 1212 se
1390 1132 1559 1211 nouerit
1576 1128 1857 1210 incursurum.
1896 1125 2009 1209 Acta
2029 1135 2130 1222 sunt
2156 1151 2159 1158 ’
2224 1197 2227 1203 ,

399 1243 401 1249 ’
457 1250 602 1337 hocin
622 1246 833 1356 colloquio
863 1238 1054 1326 Graeculo
1075 1242 1199 1329 Anno
1219 1245 1393 1334 Domini
1417 1244 1646 1355 millesimo
1680 1241 1994 1360 Ducentesimo,
2019 1241 2127 1354 Sep·

391 1443 394 1446 .
458 1366 758 1481 tingentesimo
779 1364 914 1474 primo
931 1357 1260 1460 Quartodecimo
1281 1363 1500 1448 Kalendas
1520 1361 1696 1476 Mardi(
1720 1355 1765 1470 ⁶).

562 1625 620 1706 (¹⁰)
643 1622 793 1690 Doctiss.
811 1619 979 1686 Antonius
994 1597 1225 1688 Muczlrcw'ski
1250 1619 1535 1687 econfirmatione
1551 1619 1757 1708 Sigismundi
1772 1617 1870 1707 Regis
1895 1643 1947 1686 aa.
1968 1620 2048 1686 1533
2063 1639 2127 1686 nc·

459 1731 537 1860 vgm
551 1703 892 1870 ‘wmffinplfjlm
904 1703 1099 1852 kprlgvilogigl
1111 1704 1340 1854 {ascripsigpp
1356 1725 1438 1854 qupn
1451 1704 1619 1852 lparientes
1633 1712 1760 1854 tanlgum
1774 1701 1938 1854 lgctioneg
1949 1693 2128 1851 ogtbpgra:

344 1842 349 1851 '
458 1813 764 1947 nstitit.
779 1810 948 1954 siole.
965 1811 1139 1972 dipsis.
1171 1811 1273 1938 itt.
1291 1793 1416 1939 alm
1430 1809 1857 1972 instititutis
1883 1811 1919 1939 t
1939 1809 2128 1986 tfgtttt

483 1963 567 2026 rimo
583 1967 700 2042 quarto
728 1956 889 2026 calendas
918 1956 1049 2054 Marcu,
1063 1959 1113 2038 (m
1128 1955 1314 2054 archetypo
1328 1957 1378 2022 uti
1393 1977 1494 2043 supra
1515 1965 1657 2039 „quarta
1673 1955 1802 2052 dscrmc
1818 1895 2000 2038 lralenlas).
2037 1955 2129 2024 Con·

458 1983 600 2112 lrmstis
616 2063 697 2108 raro
712 2041 787 2108 talis
803 2050 865 2108 est:
891 2041 1087 2124 Nosrtsque
1103 2039 1338 2126 Srgrsmundus
1353 2041 1425 2110 Rex
1438 2043 1589 2128 prelatus
1605 2041 1845 2126 supplicacioni
1858 2041 1964 2128 ipsius
1979 2039 2130 2106 Venera-

459 2129 535 2196 bilis
563 2126 695 2194 Alberti
722 2125 867 2192 Abbatis
896 2122 1189 2204 Andrzeowiensis
1221 2133 1377 2208 tanquam
1404 2125 1503 2202 iuste,
1526 2123 1670 2212 benigne
1695 2134 1888 2191 annuentes.
1903 2123 2129 2207 habentesque

458 2219 668 2299 perspectam
695 2219 729 2275 et
754 2211 921 2295 cognitam
951 2205 1105 2273 virtutem
1128 2208 1234 2294 ipsius
1260 2231 1299 2274 ac
1324 2208 1359 2274 in
1385 2209 1559 2298 dirigendo
1583 2217 1617 2274 et
1638 2208 1900 2274 administrando
1925 2207 2128 2274 monaterio

460 2317 522 2365 suo
536 2317 649 2362 curam
665 2302 699 2378 et
713 2291 944 2385 dexteritatem
958 2313 1026 2360 non
1042 2291 1298 2443 volgaromssio)
1311 2293 1434 2379 quippe
1450 2295 1506 2377 qui
1522 2301 1556 2359 et
1571 2291 1693 2360 cultum
1710 2293 1854 2361 divinum
1869 2291 1904 2356 in
1917 2292 1993 2378 ipso
2005 2294 2127 2360 Mona·

460 2379 563 2450 sterio
580 2400 653 2460 suo,
667 2375 875 2461 temporibus
889 2377 1039 2462 priorum
1054 2377 1107 2444 Ab
1134 2385 1221 2442 atum
1236 2377 1435 2466 neglectum.
1453 2377 1496 2442 ad
1510 2377 1657 2442 debitum
1673 2375 1819 2442 officium
1835 2381 1929 2442 surmr
1943 2373 2129 2462 redegerit·

459 2463 653 2544 edificiaque
677 2461 873 2558 Monasterij
900 2462 1019 2545 partim
1045 2459 1192 2548 collapsa
1216 2462 1387 2538 instauret,
1414 2461 1614 2546 ruinosaque
1640 2459 1757 2526 fulciat
1781 2469 1820 2526 ct·
1843 2469 1989 2612 romeli
2009 2459 2129 2545 partim

427 2590 437 2610 .
459 2548 564 2616 sciam
587 2567 677 2610 nova
700 2553 817 2632 erigat.
832 2565 871 2612 ac
886 2545 981 2613 villas
996 2553 1031 2618 et
1045 2545 1135 2611 bona
1150 2567 1214 2629 que
1238 2545 1479 2612 aMonasterio
1505 2546 1598 2631 prius
1620 2545 1762 2612 alienata
1774 2546 1917 2612 fuerunt.
1932 2545 1965 2610 ei
1987 2567 2041 2610 em
2055 2565 2128 2620 mc-

459 2630 604 2700 nasterio
635 2637 822 2714 recuperet.
852 2624 1019 2716 nichilque
1049 2651 1189 2715 prorsus
1212 2630 1302 2716 quod
1316 2629 1438 2716 bonum
1454 2637 1488 2696 et
1501 2629 1691 2720 vigilantem
1706 2629 1871 2700 Abbatem
1886 2629 1984 2696 decet
1997 2637 2125 2716 preter·

457 2715 577 2782 mittat.
591 2713 705 2779 literas
721 2723 877 2798 utrasque
892 2715 941 2796 (⁸)
954 2715 1159 2800 preinsertas
1172 2713 1324 2800 innovarj
1346 2711 1571 2788 mandavimus
1599 2713 1864 2798 auctoritateque
1889 2721 2005 2792 nostra
2028 2709 2130 2800 Regia

458 2797 725 2886 approbavimus,
754 2797 1000 2882 ratificavimus,
1023 2808 1058 2865 et
1080 2798 1353 2870 confirmavimus.
1372 2819 1411 2864 ac
1427 2798 1661 2886 approbamus.
1693 2799 1893 2865 ratificamus
1908 2806 1942 2864 ct
1956 2798 2129 2864 confirma·

366 2965 371 2970 ,
457 2905 541 2952 mus.
573 2883 791 2952 decernentes
818 2884 952 2958 easdem
975 2893 1137 2968 utrasque
1166 2883 1279 2952 literas
1331 2883 1521 2950 reinsertus.
1546 2905 1607 2950 nec
1631 2905 1699 2952 non
1713 2885 1824 2950 omnia
1839 2892 1872 2950 et
1887 2879 2017 2970 singula
2030 2883 2065 2948 in
2080 2882 2129 2948 sis

459 2975 627 3036 contenta.
643 2967 678 3032 in
693 2989 833 3051 quorum
847 2991 910 3034 usu
924 2979 958 3036 et
971 2970 1189 3054 possessione
1218 2968 1295 3054 paci
1318 2990 1358 3033 ca
1371 2968 1444 3052 ipse
1458 2965 1587 3035 Abbas.
1615 2977 1866 3052 conventusque
1883 2989 1972 3034 suus.
1989 2965 2128 3031 antebac
2267 3031 2272 3042 ,

459 3072 591 3135 semper
604 3052 744 3116 fuerant.
761 3052 863 3116 robur
878 3051 990 3117 debite
1005 3063 1039 3116 et
1052 3059 1212 3150 perpetue
1238 3051 1403 3118 firmitatis
1428 3051 1581 3118 habitura
1603 3075 1688 3119 esse.
1704 3059 1822 3117 tenore
1836 3049 2047 3137 presencium
2061 3071 2131 3126 mee

316 3185 322 3198 .
459 3133 580 3201 diante.
620 3134 660 3200 In
675 3135 769 3202 cuius
785 3135 835 3200 roi
849 3136 1075 3202 testimonium
1088 3135 1240 3224 Sigillum
1255 3147 1407 3204 nostrum
1422 3145 1475 3202 est
1491 3159 1512 3201 a
1534 3157 1684 3222 pensum.
1721 3137 1844 3202 Datum
1859 3133 2024 3204 Gracovic
2040 3133 2126 3203 Sab-
2253 3179 2258 3190 ·

457 3217 537 3316 bato
564 3217 753 3284 antediem
780 3219 901 3292 festum
926 3219 1140 3288 sanctissime
1168 3219 1350 3288 Trinitatis·
1387 3221 1485 3290 Anno
1511 3159 1636 3286 bomini
1661 3219 1838 3287 Millesimo
1885 3219 2126 3305 cingentesimo

459 3301 648 3401 ngesimo
663 3303 782 3368 tercio.
806 3303 913 3390 Regni
929 3327 1009 3370 vero
1026 3307 1143 3390 nostrj.
1161 3327 1247 3372 anno
1262 3305 1426 3396 vigesimo
1443 3305 1598 3392 septimo.
1636 3303 1852 3372 Presentibus
1901 3303 2078 3371 everendis
2093 3305 2127 3370 in
2213 3369 2220 3378 ,

459 3381 595 3478 Chnsto
624 3385 775 3472 patribus
807 3387 959 3453 dominis.
997 3389 1100 3456 Petro
1129 3387 1346 3458 cracoviensi
1360 3399 1393 3456 et
1408 3391 1515 3478 Regni
1538 3391 1647 3456 nostri
1674 3389 1958 3456 vicecancellario.
1996 3389 2127 3457 Joann'e

457 3470 695 3570 Premisliansii
717 3473 819 3542 Petro
836 3471 1076 3542 Camenecensi
1087 3475 1279 3574 Episcopis.
1313 3477 1465 3544 Necnon
1480 3475 1668 3562 Magniiicis
1684 3473 1948 3557 venerabilibus,
1966 3484 1999 3542 ct
2014 3473 2127 3547 Gene-
2217 3529 2222 3540 .

457 3575 557 3625 rosis.
580 3554 661 3624 Otta
676 3556 716 3621 de
733 3557 867 3624 Cbodccc
881 3556 1108 3626 cracoviensi.
1132 3557 1299 3627 Stanrslao
1318 3559 1359 3628 de
1389 3561 1518 3628 Brcszic
1539 3559 1803 3628 Sandomiriensi
1817 3557 1986 3626 Palatinis.
2009 3561 2125 3634 ,Petro

458 3635 601 3742 Kmijtha
625 3639 666 3705 de
698 3639 846 3733 Vssnijm
881 3641 1152 3710 Sandomiriensi.
1196 3644 1474 3729 Marschslcoque
1513 3645 1622 3732 Regni
1657 3643 1776 3712 nostri.
1813 3641 1930 3708 Nicola
1956 3643 1997 3708 de
2026 3643 2128 3732 Voliy'a

459 3722 690 3814 VoiJnijoensi.
727 3726 829 3792 Petro
845 3725 887 3791 de
904 3727 1327 3816 Opalenijcaa⁰lrandensi
1366 3729 1531 3796 Sitkcne
1548 3729 1589 3793 de
1605 3728 1774 3798 rhet-nos
1798 3725 2072 3807 Zarriclrostensi,
2093 3733 2128 3792 et

456 3807 566 3894 Regni
580 3809 688 3874 nostri
704 3809 938 3881 Thezaurario.
967 3811 1175 3896 castenariis
1207 3815 1338 3882 Joanne
1370 3753 1620 3880 Olescbni'czki
1647 3809 1821 3900 preposito
1850 3809 2127 3878 Scarbimiriensi.

459 3887 610 3959 Samuele
639 3891 875 3969 Maozieowski
891 3895 971 3978 (sic)
993 3897 1172 3967 Canonicis
1202 3895 1483 3967 cracoviensibus
1515 3835 1712 3994 decretoriis
1741 3893 1865 3962 nostris
1882 3899 1917 3960 et
1931 3893 2014 3996 alijs
2031 3913 2128 3977 quarn
2239 3959 2241 3964 .

280 3990 316 4026 '·
455 3973 608 4128 plurimis
622 3973 688 4042 fide
704 3977 824 4078 dignis.
862 3979 984 4047 Datum
998 4005 1060 4072 per
1075 4003 1189 4048 manus
1239 3979 1338 4048 relati
1356 3974 1544 4048 Reuerendi
1558 3979 1593 4044 in
1607 3977 1744 4046 Cbrrstc
1782 3977 1864 4078 ptris
1890 3977 2017 4047 domun
2035 3980 2128 4046 Petri

486 4059 620 4148 piscopi
646 4060 882 4132 Cracorrcnsis
899 4075 934 4133 et
946 4067 1056 4156 Regni
1069 4067 1178 4136 nostri
1224 4071 1275 4136 ιοὲ
1291 4063 1627 4151 cancellani-sincere
1642 4063 1741 4132 nobis
1824 4067 1883 4150 ctj.

559 4262 593 4328 <’)
609 4263 711 4316 Mentlo
723 4267 755 4317 de
767 4267 902 4334 privilegio
914 4271 975 4320 sunl
987 4272 1051 4320 12⁷1
1064 4276 1091 4320 et
1102 4269 1134 4321 de
1147 4245 1343 4321 confirmatione
1355 4269 1411 4333 ejus
1423 4269 1485 4320 anni
1497 4267 1570 4319 1³1⁸.
