4930 5922
1063 680 1343 803 *lbi-7·

360 877 586 959 'annuatim
605 874 649 956 in
669 870 779 958 festo
814 873 932 958 beati
966 876 1147 958 martini.
1183 877 1370 961 modium
1409 875 1622 988 Syliginis.
1661 880 1849 966 modium
1886 911 2032 969 auena.
2073 888 2083 910 ⁸
2209 905 2219 924 ⁰

367 995 475 1076 dues
505 1017 727 1074 mensuras
757 993 883 1074 tritici
914 1001 958 1074 et
987 994 1092 1076 duas
1124 994 1240 1077 ordei
1270 995 1432 1078 soluere
1462 995 1675 1088 tenebitur
1696 1006 1740 1078 et
1759 1027 1834 1106 per
1864 1000 2035 1087 colonos

367 1131 467 1194 suos
486 1111 532 1192 in
553 1108 735 1192 ecclesia
755 1108 873 1193 beati
889 1109 1049 1222 Egidii.
1081 1111 1132 1193 In
1153 1108 1410 1193 Baldrzclrow
1432 1123 1689 1219 presentare.
1721 1114 1841 1196 Etru
1864 1117 2034 1201 ciuitate

366 1235 512 1312 nostra
531 1254 646 1308 nunc
674 1217 951 1308 Wladr'slccia
979 1229 1241 1335 nuncupata
1302 1227 1422 1310 Idem
1453 1227 1604 1340 Abbas
1626 1231 1785 1313 curiam
1807 1230 1937 1316 debet
1956 1235 2035 1316 ha·

366 1347 469 1431 bere
490 1344 546 1428 ab
569 1343 763 1428 omnibus
805 1345 1080 1430 seruitutibus
1110 1343 1286 1426 liberam
1317 1347 1402 1426 et
1391 1375 1632 1430 immunem
1694 1347 1752 1430 Et
1781 1375 1860 1434 nos
1889 1378 2035 1460 prore-

298 1481 304 1488 ’
366 1463 711 1569 compensatione
740 1461 1025 1572 predictarum
1058 1461 1246 1545 villarum
1280 1463 1415 1543 eidem
1448 1463 1595 1546 abbati
1617 1493 1668 1546 ao
1689 1470 1916 1550 conuentui
1936 1495 2034 1576 pre·
2081 1515 2085 1522 ·
2219 1455 2229 1478 '

226 1595 230 1604 '
367 1579 469 1662 dicti
499 1579 742 1662 monasterii
772 1579 904 1661 nostri
936 1579 988 1659 de
1021 1573 1204 1686 Suleyow
1225 1577 1345 1662 villas
1365 1589 1533 1664 nostras
1556 1575 1651 1663 cum
1674 1585 1760 1666 suis
1783 1584 2033 1668 attinenciis:

280 1757 283 1764 ·
366 1696 529 1780 scilicet
549 1693 835 1808 Borpm'ctslco.
860 1687 1017 1804 Syrdlu.
1039 1695 1131 1806 Pijr
1153 1694 1282 1778 stadt
1281 1723 1353 1780 ow.
1377 1707 1420 1780 et
1402 1698 1593 1782 tvillam.
1646 1698 1882 1812 Lunpourtr'j
1903 1729 2035 1811 quam

365 1813 513 1898 tenuit.
484 1813 826 1898 tSuentoslaus
848 1813 934 1894 dict
917 1821 984 1894 tus
1008 1811 1277 1898 Susthouicz
1328 1811 1438 1898 Item
1459 1815 1600 1898 villam
1620 1826 1821 1900 nostram.
1874 1815 2033 1901 Lubere

363 1930 513 2042 pr‘efat
503 1958 538 2012 rs
486 1931 791 2014 tabbatit
748 1939 791 2013 et
821 1909 1050 2014 conuentui
1080 1931 1273 2012 dedimus
1298 1939 1341 2012 et
1361 1932 1572 2042 assignari
1602 1929 1781 2015 fecimus
1803 1934 1859 2016 ab
1882 1935 2033 2019 eodem
2111 1952 2116 1958 '

357 2048 541 2144 ,abbate
548 2057 591 2130 et
610 2057 824 2132 conuentu
853 2057 1058 2156 perpetuo
1079 2047 1373 2173 possidendas.
1398 2052 1505 2132 etin
1527 2047 1688 2130 eisdem
1708 2050 1814 2132 villis
1835 2050 1917 2134 dus
1938 2053 2033 2136 the-

364 2166 591 2248 sitonicum
622 2163 922 2273 prenominatis
954 2163 1102 2246 abbati
1134 2175 1176 2245 et
1206 2165 1445 2249 conuentui
1496 2165 1661 2248 Damus
1683 2177 1727 2249 et
1756 2167 2032 2251 concedimus

266 2335 268 2338 -
366 2283 513 2394 quod
501 2313 547 2364 ιιι
569 2281 831 2418 Syradiensi·
835 2283 1006 2384 ciuitate
1027 2287 1172 2364 nostra
1193 2290 1236 2362 et
1256 2283 1345 2364 aliis
1377 2283 1622 2366 ciuitatibus
1654 2311 1730 2368 nos
1734 2283 1810 2366 tris
1839 2281 2035 2368 ‘obtinent
2082 2349 2088 2360 .

365 2411 409 2482 et
427 2427 504 2508 per
525 2399 666 2484 omnia
686 2387 803 2481 omni
813 2399 897 2533 J'urr
887 2379 1060 2506 quod
1049 2427 1092 2479 m
1109 2399 1269 2481 eisdem
1289 2400 1396 2482 villis
1416 2402 1520 2482 hact
1502 2409 1625 2483 tenus
1646 2401 1872 2484 habuimus
1895 2399 2032 2482 eidem

366 2518 511 2602 abbat
482 2528 514 2600 tr
534 2528 578 2600 et
598 2516 829 2600 conuentui
846 2516 1114 2625 resignamus
1144 2518 1206 2597 ita
1228 2518 1376 2626 quod
1364 2546 1407 2599 ιιι
1429 2527 1682 2628 perpetuum
1714 2518 1852 2600 coloni
1882 2517 2034 2599 carim·

366 2633 462 2726 dem
491 2621 681 2719 villarum
711 2635 871 2717 nullum
901 2632 1078 2715 Narcmb
1109 2634 1287 2718 soluent.
1319 2635 1476 2718 nullum
1502 2635 1680 2748 pouod
1675 2635 1833 2716 ducent
1866 2661 1954 2717 non
1975 2635 2030 2718 ab

366 2754 509 2862 aliquo
539 2753 742 2860 recipient
770 2777 855 2834 non
886 2752 942 2834 ad
972 2751 1158 2861 aliquam
1191 2747 1501 2859 expeditionem
1530 2754 1610 2835 nisi
1648 2779 1746 2833 cum
1767 2777 1873 2862 gens
1896 2753 2032 2836 aliena

362 2870 568 2954 hostiliter
588 2869 761 2953 intrabit
779 2879 934 2952 terram
961 2869 1180 2950 nostram
1169 2897 1228 2950 rre
1248 2870 1518 2952 tenebuntur.
1542 2878 1585 2950 et
1604 2869 1706 2951 nulli
1726 2871 1931 2952 seruituti.
1954 2897 2032 2953 seu

363 2989 571 3072 exactioni
602 2985 852 3097 subjaceant
882 3012 1139 3096 quocunque
1175 2989 1343 3072 nomine
1375 2997 1627 3068 censeantur
1658 3014 1742 3070 non
1775 2987 1830 3068 ad
1852 2987 2029 3070 alicuius
2170 3019 2173 3027 ·

361 3107 622 3189 audientiam
659 3108 923 3188 cittebuntur
958 3105 1037 3185 nisi
1072 3131 1215 3186 coram
1242 3103 1410 3188 ‘abbate
1446 3104 1535 3189 solo
1556 3103 1626 3187 uel
1647 3103 1864 3188 Scoltheto
1902 3133 2029 3215 quem

363 3222 501 3306 abbas
530 3225 697 3308 duxerit
732 3220 1006 3306 statuendum
1026 3221 1240 3304 nisi-idem
1262 3221 1397 3304 abbas
1419 3222 1489 3304 uel
1510 3221 1753 3310 Scoltbetus
1774 3223 2029 3333 querelanti·
2142 3327 2148 3337 Ι

361 3340 444 3424 bus
478 3342 687 3424 noluerint
721 3343 792 3425 uel
827 3339 1158 3445 contempserint
1191 3341 1369 3423 reddere
1404 3341 1563 3423 iustitie
1601 3341 1955 3448 complementum
1982 3348 2031 3432 ‚ct

360 3467 464 3540 tuno
498 3485 639 3542 coram
670 3462 794 3544 nobis
826 3455 1068 3541 citabuntur
1099 3485 1195 3540 cum
1225 3458 1364 3540 littera
1384 3451 1541 3542 ¹nostro
1578 3458 1715 3568 sigillo
1736 3457 1921 3566 sigillata
1938 3457 2029 3538 iure

360 3576 613 3662 thewtonico
634 3577 862 3660 iudicandi.
894 3575 1073 3685 Insuper
1102 3576 1316 3680 predictas
1337 3576 1457 3660 villas
1477 3575 1622 3658 vitinic
1646 3575 1698 3656 de
1722 3573 1909 3680 Scleyow-
1927 3597 2029 3655 con·
2123 3591 2124 3594 ‘

358 3695 572 3805 iungimus
592 3695 636 3776 in
657 3698 770 3779 omni
801 3692 1008 3777 solutione
1041 3689 1180 3772 ducali
1214 3692 1302 3773 uel·
1323 3692 1481 3775 labore.
1542 3690 1600 3773 Et
1618 3699 1666 3772 ιι
1686 3691 1878 3799 predicte
1910 3715 2027 3772 com-

107 3827 111 3840 ·
194 3895 199 3912 ,
359 3815 536 3897 mutatio
568 3841 594 3894 a
615 3809 932 3897 successoribus
954 3807 1105 3892 nostris
1127 3807 1390 3916 invyolabilis
1420 3815 1670 3950 permaneat
1689 3817 1928 3916 presentem
1948 3833 2026 3916 pa·

328 3939 332 3944 '
361 3930 506 4039 ginam
529 3929 739 4014 conscribi
759 3929 936 4014 fecimus
960 3935 1001 4006 et
1021 3925 1144 4036 sigilli
1164 3936 1261 4010 nost
1261 3928 1297 4009 ri
1325 3927 1574 4010 munimine·
1571 3926 1788 4010 ¹roboreti.
1817 3924 2027 4038 presenti·

223 4080 272 4093 ··
358 4045 438 4130 bus
458 4049 540 4157 hijs
560 4046 752 4132 testibus
788 4043 945 4131 comit
927 4055 968 4128 te
991 4043 1166 4128 Seuissa
1184 4045 1384 4160 palatino.
1444 4043 1627 4128 Domino
1648 4042 1835 4128 Fulcone
1858 4041 2026 4124 cancel·

356 4162 474 4248 lario.
537 4165 703 4250 Oomite
725 4163 930 4276 Sbygneo
952 4162 1180 4245 castellano
1223 4150 1564 4271 Syradiensibus.
1614 4161 1792 4245 Oomite
1825 4160 2025 4245 dohanne

358 4290 454 4364 cast
436 4281 588 4386 telleno
626 4282 940 4392 Spioimiriensi.
994 4278 1135 4365 Oomit
1118 4289 1160 4361 te
1180 4281 1377 4367 Metissio.
1425 4279 1580 4363 Judiee
1602 4277 1869 4388 Wylohelm0
1891 4275 2025 4361 aduo-

358 4409 468 4486 cato.
503 4379 843 4511 Syradiensibus.
896 4396 1052 4482 Actum
1074 4425 1197 4483 anno.
1220 4398 1392 4483 Domini
1412 4395 1533 4482 MCC
1554 4397 1832 4506 nonagesimo
1854 4403 2021 4481 octauo

356 4517 517 4603 Datum
538 4517 667 4627 Syrna
684 4516 753 4633 (ι.)
814 4517 866 4601 In
888 4515 1100 4602 dominica
1122 4544 1210 4626 qua
1231 4517 1396 4600 canitur
1416 4513 1570 4598 Letare
1590 4509 1830 4595 ihrusalem.

315 4765 322 4772 ·
459 4711 503 4832 (ι)
526 4745 668 4830 Stadia,
686 4749 824 4834 sisae,
841 4747 919 4816 olim
933 4747 1143 4833 palatinatns,
1159 4768 1246 4839 npnc
1260 4743 1421 4813 territorii
1435 4750 1470 4810 ct
1484 4741 1632 4829 regionis
1639 4747 1757 4829 'ceput
