4822 5924
631 1562 633 1572 s
1007 1401 1352 1584 sons,
1734 1540 1752 1550 ι,

320 1594 324 1639 ²
408 1785 412 1794 δ
560 1656 944 1800 ‚mortuae-¹
957 1659 1048 1742 ure
1065 1659 1145 1746 se
1162 1654 1368 1763 amco
1385 1654 1525 1747 rere
1542 1679 1707 1783 uano.

331 1881 498 1956 montom
510 1879 670 1954 oenoe
684 1879 777 1952 mr
790 1855 898 1952 triers
911 1858 1004 2055 ntis:
1017 1897 1091 2054 rpus
1106 1867 1422 2067 Zououppgaan,
1444 1875 1613 1955 aneton
1628 1881 1859 1958 sutoninerst
1873 1885 1985 1959 turri

993 2000 1010 2052 ο
1046 1999 1160 2071 uror,
1175 2001 1233 2057 ror
1333 2033 1343 2049 .
1663 2009 1666 2021 ·
1728 1999 1730 2006 ·
1958 2030 1962 2038 ·

273 2190 278 2201 ’
353 2137 357 2144 ¹
431 2195 521 2286 Nos
540 2157 676 2278 Pelka
695 2190 858 2295 Judex,
892 2192 1138 2278 Prandotha
1169 2134 1388 2278 Subindex
1419 2193 1791 2280 Sandomirienscs.
1843 2194 1981 2278 Reco-

331 2315 576 2426 gnoscimus
597 2310 838 2422 oopublice
874 2321 1152 2420 protestamur
1187 2313 1412 2417 uniuersis,
1447 2321 1534 2396 tam
1564 2310 1830 2421 presentibus
1852 2340 1980 2422 quem

328 2433 476 2516 futuris
510 2441 748 2542 presentem
781 2431 942 2514 literam
978 2431 1252 2540 inspecturis:
1280 2427 1512 2532 Quomodo
1534 2431 1774 2518 nobilis'rir
1790 2432 1980 2516 dominus

328 2553 538 2638 Nemerza
566 2551 675 2634 filius
708 2549 922 2659 quondam
954 2550 1111 2639 domini
1131 2549 1254 2637 Peleo
1274 2549 1396 2633 heres
1420 2551 1470 2634 de
1496 2547 1633 2634 Galow
1656 2548 1709 2662 (²)
1731 2551 1902 2632 veniens
1920 2547 1981 2632 ad

329 2677 516 2755 nostram
535 2671 796 2777 presenciam
816 2697 918 2753 sane
939 2672 1089 2759 mentis
1111 2670 1306 2774 existens,
1322 2695 1407 2754 non
1424 2671 1675 2779 comprdsns,
1691 2697 1773 2754 nee
1795 2678 1982 2772 coactus,

182 2891 185 2904 Ι
329 2817 408 2872 nec
430 2787 573 2898 aliquo
595 2814 730 2872 errore
751 2787 971 2894 seductus,
1002 2789 1079 2871 sed
1101 2789 1289 2871 demere
1309 2815 1360 2869 ao
1380 2787 1513 2870 libera
1533 2816 1611 2872 sua
1630 2788 1860 2892 voluntate,
1891 2813 1981 2870 ma·

329 2919 512 3020 tutoque
542 2908 770 2990 amicorum
810 2933 979 2991 suorum
1002 2910 1173 2992 oonsilio
1195 2934 1320 3016 super
1341 2907 1420 2988 hec
1441 2906 1588 2992 habito
1609 2908 1730 2991 villas
1752 2906 1915 2990 Zocbow
1939 2916 1983 2988 et

332 3030 475 3131 Trzern
494 3026 538 3106 in
558 3035 670 3108 terra
687 3022 1020 3140 ¹Sandomiriensi
1047 3029 1229 3110 situatas
1260 3035 1431 3132 strenuo
1463 3025 1584 3116 militi
1606 3025 1771 3110 domino
1794 3023 1824 3110 J
1826 3026 1981 3110 ohanni

332 3143 560 3230 castellano
602 3141 929 3229 Sandomiriensi
963 3173 1157 3231 necnon
1196 3145 1340 3228 heredi
1362 3144 1414 3228 de
1438 3144 1632 3229 Thornow
1666 3172 1743 3254 pro
1778 3146 1980 3228 trecentis

331 3265 481 3347 marcis
519 3291 759 3380 grossorum
794 3267 1065 3374 pragensium
1102 3265 1386 3376 quadraginta
1417 3271 1513 3348 octo
1545 3277 1715 3382 grossos
1749 3264 1982 3372 quamlibet

289 3414 293 3441 ¹
331 3406 517 3466 marcam
536 3378 798 3481 feriencium,
824 3391 866 3462 et
884 3381 1118 3491 promedio
1138 3385 1259 3468 laneo
1280 3383 1448 3468 racione
1481 3384 1827 3466 commutacionis
1848 3383 1982 3494 wlga-

331 3502 433 3584 riter
455 3494 654 3582 Othmani
675 3509 916 3608 nuncupate
937 3500 1067 3584 libero
1088 3503 1130 3584 in
1150 3501 1250 3604 nilla
1270 3499 1442 3588 Zundze'n
1457 3501 1860 3614 nuncupatapquod
1882 3499 1980 3612 (sic)

333 3619 504 3732 quidem
524 3615 707 3700 medium
727 3618 893 3701 laneum
916 3617 1111 3702 dominus
1138 3617 1357 3704 'Johannes
1380 3619 1645 3708 Castellanus
1669 3619 1981 3707 Sondomirien-

334 3738 391 3820 sis
411 3735 656 3848 prehabitus
676 3738 719 3818 in
741 3737 889 3819 eadem
923 3765 1000 3820 sua
1035 3737 1135 3821 villa
1170 3738 1298 3821 solus·
1319 3735 1646 3838 ermensurabat
1680 3761 1823 3820 coram
1858 3737 1981 3822 nobis

333 3855 583 3970 recognovit
601 3883 647 3939 so
668 3855 926 3966 vendidisse,
962 3853 1091 3970 Quas
1118 3857 1286 3968 quidem
1300 3855 1565 3956 'hereditates
1588 3853 1755 3970 ΖοείιοωΙ
1773 3865 1817 3954 et
1837 3859 1980 3942 Trzcrn
2103 3957 2106 3964 1

333 3984 597 4086 prenotatur,
634 3967 824 4068 dominus
862 3975 1069 4072 Nemetae
1108 3969 1353 4085 prenotatis
1374 4003 1471 4058 cum
1493 3977 1607 4060 omni
1624 3976 1712 4060 iure
1731 3987 1777 4058 et
1800 3977 1979 4060 dominio

334 4094 463 4176 nichil
481 4095 647 4203 penitus
668 4123 742 4204 pro
764 4097 811 4178 se'
828 4095 874 4176 in
896 4096 1053 4178 eisdem
1074 4094 1375 4178 hereditatibus
1402 4095 1811 4180 reseruandolibere
1834 4119 1884 4179 ac
1905 4093 1981 4178 be-

438 4411 481 4492 (¹)
503 4410 682 4476 Siawir'rsiri
696 4411 870 4498 descripsit
885 4435 926 4478 ex
940 4414 1122 4501 archetypo
1137 4413 1387 4480 membranaceo
1402 4415 1436 4479 in
1448 4413 1589 4499 quodam
1601 4412 1793 4480 Galliciensi
1806 4411 1980 4478 Tabulario

336 4504 517 4560 asservato.
540 4495 667 4560 Tubulo
680 4495 753 4582 ipsa
766 4497 883 4564 multas
898 4500 1073 4564 verborum
1102 4499 1362 4564 abbreviationes
1383 4498 1491 4564 habet.
1528 4499 1604 4564 Duo
1622 4498 1731 4585 sigiile
1747 4496 1823 4561 olim
1837 4519 1982 4584 appense

337 4587 441 4662 erent,
457 4579 590 4645 alterius
605 4589 657 4646 est
671 4589 794 4646 tuntum
807 4581 904 4648 hodie
920 4584 1063 4650 taeniola
1076 4605 1284 4671 pergamena,
1298 4583 1433 4649 aiterum
1446 4582 1589 4670 sigillum
1602 4604 1740 4672 parvum
1754 4604 1826 4647 curn
1840 4581 1983 4649 taeniole

336 4665 433 4732 etiam
448 4687 649 4750 pergamena
661 4665 744 4728 vidit
758 4665 944 4734 Siewiriski.
1076 4739 1084 4747 ,Α

441 4751 484 4832 (²)
507 4749 622 4828 Galae,
646 4747 745 4816 hodie
771 4749 847 4816 ville
862 4753 960 4818 estin
976 4751 1186 4837 Stopnicensi
1211 4752 1379 4818 territorio
1395 4761 1428 4816 et
1443 4751 1685 4836 Szydlowiensi
1710 4753 1845 4840 regione
1865 4757 1980 4842 (paro-

337 4833 412 4901 chia
426 4833 541 4920 oppidi
553 4833 705 4916 Secutae).
946 4839 948 4845 ’

440 4937 520 4979 'sonu
534 4935 572 4976 ΠΙ.
1735 4940 1772 5006 41
