4930 5922
845 653 1364 826 's-ros-

391 911 502 994 sicut
522 937 667 994 eorum
687 909 763 1018 qui
783 935 922 1022 neque
941 911 1065 994 iusta.
1087 939 1230 1022 neque
1249 912 1400 996 saltem
1421 907 1601 994 honesta
1629 911 1827 1020 precibus
1860 911 2051 996 obtinere

390 1031 580 1110 nituntur
615 1027 848 1136 peticiones
885 1055 968 1120 non
998 1031 1200 1112 consenit
1241 1028 1439 1112 exaudiri.
1461 1028 1522 1108 sic
1543 1056 1667 1118 versa
1702 1031 1808 1112 vice.
1841 1030 1954 1112 iusta
1984 1032 2053 1114 vel

350 1185 354 1198 ·
390 1146 571 1229 honesta
604 1146 846 1252 petencium
866 1147 978 1228 votis
1008 1147 1281 1228 exaudiendis
1303 1147 1463 1227 aditum
1482 1172 1567 1228 non
1588 1147 1796 1238 condecet
1815 1147 2048 1232 intercludi.

391 1263 527 1372 Igitur
548 1289 644 1344 cum
666 1263 806 1344 dilecti
826 1261 949 1345 nobis
971 1259 1099 1348 frater
1119 1260 1312 1346 «loannes
1333 1253 1483 1345 Abbas
1505 1272 1549 1343 et
1570 1274 1803 1346 conventus
1834 1263 2051 1348 Andrzeo-

308 1417 311 1424 ·
391 1381 554 1462 wiensis
593 1379 885 1464 Cisterciensis
923 1379 1082 1464 ordinis
1102 1391 1145 1464 et
1166 1378 1459 1464 Oracoviensis
1498 1379 1676 1462 diocesis
1711 1381 1924 1462 mediante
1960 1409 2051 1464 ma-

303 1547 308 1554 ·
392 1499 525 1608 gistro
562 1496 752 1583 Gerardo
790 1498 952 1580 decano
976 1478 1250 1581 (lracoviensi
1272 1499 1328 1578 ad
1349 1504 1535 1580 nostram
1556 1501 1822 1606 presenciam
1844 1501 2050 1580 accessis·
2124 1593 2127 1599 ¹

391 1624 497 1697 sent.
560 1611 847 1698 Ostendenmt
882 1614 1054 1726 quodsi
1076 1615 1129 1696 de
1149 1624 1295 1700 nostra
1316 1613 1615 1704 munificencia
1636 1624 1894 1697 mererentur
1916 1617 2051 1725 adipi·
2096 1645 2098 1650 ’

391 1734 452 1814 sci
485 1733 670 1814 decimas
702 1731 911 1842 quasdam
948 1733 1004 1814 ad
1038 1739 1226 1816 nostram
1261 1757 1451 1813 mensam
1486 1731 1757 1838 pertinentes,
1776 1732 1973 1815 videlicet
2006 1736 2050 1816 in

390 1845 584 1948 Prrelcnlr
605 1871 655 1934 ex
675 1859 858 1958 utraque
885 1859 1007 1956 parte
1030 1877 1155 1959 aque.
1175 1859 1216 1934 et
1236 1850 1395 1934 ibidem
1415 1849 1458 1928 in
1482 1845 1646 1960 Corantj
1665 1848 1796 1932 multo
1817 1850 1911 1958 plus
1934 1877 2050 1940 com·

390 1967 605 2050 moditatis
627 1968 687 2050 eis
707 1995 783 2074 per
803 1967 886 2050 hoc
908 1976 1183 2050 accresceret.
1215 1966 1332 2076 quod
1364 1961 1553 2074 (quaml)
1588 1993 1737 2048 revera
1772 1967 1961 2050 utilitatis
1999 1995 2050 2054 eo

328 2151 331 2161 .
391 2073 508 2193 duod
537 2084 728 2192 predicte
760 2084 921 2166 decime
953 2086 1059 2165 inter
1078 2085 1199 2166 villas
1219 2091 1264 2164 et
1284 2083 1471 2166 decimas
1491 2084 1534 2167 in
1555 2082 1622 2164 illo
1641 2081 1735 2166 loco
1756 2082 1906 2166 haberi
1927 2087 2052 2196 quasi
2089 2077 2094 2085 ⁵

390 2201 477 2284 sole
493 2201 729 2284 videantur.
745 2211 918 2310 propter
939 2229 1120 2313 quarum
1141 2203 1378 2283 carenciam
1400 2199 1532 2281 multa
1554 2201 1768 2282 damnaei
1781 2200 2051 2285 incommoda
2167 2185 2178 2206 ⁸

390 2317 566 2428 singulis
604 2319 725 2400 annis
761 2319 851 2426 pati
889 2315 1176 2402 dinoscuntur.
1228 2318 1355 2401 Unde
1389 2326 1477 2398 tam
1513 2317 1666 2400 devote
1688 2344 1819 2426 quam
1839 2316 2051 2401 humiliter

389 2437 641 2546 petiverunt.
663 2447 713 2516 ut
731 2436 834 2544 ipsis
855 2445 1109 2518 memoratas
1148 2436 1334 2516 decimas
1367 2431 1554 2516 conferre
1575 2443 1664 2515 tam
1682 2433 1752 2542 pie
1774 2459 1903 2544 quam
1923 2435 2050 2518 mise-

391 2553 608 2636 ricorditer
630 2554 920 2664 dignaremur.
957 2553 1047 2636 Nos
1070 2561 1211 2636 autem
1233 2552 1502 2634 attendentes
1523 2551 1703 2661 predicti
1724 2549 1901 2658 Oenobij
1923 2551 2083 2660 obse-¹,
2140 2577 2144 2584 ·

391 2672 540 2781 quiose
578 2671 820 2755 devocionis
854 2671 1081 2780 puritatem
1117 2697 1247 2780 quam
1283 2697 1448 2778 semper
1478 2669 1720 2752 habuerunt
1750 2667 1806 2749 ad
1827 2669 2050 2754 ecclesiam
2178 2701 2181 2706 ·
2222 2683 2225 2694 ’

390 2795 590 2868 nostram.
614 2797 657 2869 et
678 2787 845 2873 domino
869 2789 1318 2900 concedentesemper
1338 2785 1571 2868 habebunt.
1595 2785 1814 2895 cupientes
1843 2785 2051 2871 nihilomi-

388 2929 468 2985 nus
499 2931 574 3013 per
604 2907 791 3014 ipsorum
821 2907 1089 2990 instanciam.
1115 2907 1358 2988 oracionum
1400 2901 1614 3014 suffragijs
1656 2903 1895 3011 specialiter
1936 2905 2051 3014 apud

391 3027 516 3132 deum
553 3023 763 3126 adiuvari,
802 3021 1104 3107 deliberatione
1123 3021 1272 3106 habita
1292 3021 1531 3106 sufficienti.
1555 3047 1650 3104 cum
1671 3029 1815 3105 nostro
1837 3017 2048 3130 Oapitulo.

390 3171 441 3226 ac
461 3145 592 3258 ipsius
615 3141 786 3253 capitulj
802 3168 888 3225 non
909 3141 1045 3226 solum
1065 3141 1296 3223 accedente
1318 3133 1540 3223 consensu.
1563 3138 1639 3220 sed
1661 3139 1795 3220 eciam
1811 3138 2052 3224 interventu

388 3261 672 3374 predictorum
693 3256 877 3344 Abbatis
898 3268 941 3340 et
962 3269 1194 3342 conventus
1211 3258 1465 3368 peticionem
1479 3284 1556 3366 per
1574 3255 1783 3338 decanum
1811 3257 2050 3365 predictum

391 3377 621 3464 affectuose
661 3385 919 3486 porrectam,
948 3375 1134 3486 benigne
1167 3374 1359 3458 duximus
1391 3371 1709 3456 admittendam.
1730 3373 1945 3482 predictas
1977 3375 2051 3458 de-

390 3499 523 3580 cimas
545 3521 653 3607 quas
673 3495 916 3607 petiverunt
930 3495 978 3576 in
1001 3493 1271 3578 elemosinam
1293 3493 1435 3574 domui
1454 3489 1797 3596 Andrneowiensi
1826 3493 2052 3602 providen-
2184 3481 2188 3490 ’

389 3615 444 3700 do
465 3611 692 3698 liberaliter
730 3619 936 3722 perpetuo
968 3609 1258 3716 conferendas.
1310 3609 1360 3690 In
1397 3609 1515 3690 cuius
1535 3608 1596 3689 rei
1617 3608 1878 3691 evidenciam
1898 3615 1943 3687 et
1960 3635 2051 3691 me-

388 3733 564 3817 moriam
583 3739 823 3842 presentem
841 3729 1059 3840 paginam.
1076 3728 1207 3810 nostri
1221 3729 1378 3834 pariter
1393 3735 1436 3806 et
1451 3723 1623 3833 capituli
1638 3723 1869 3834 sigillorum
1889 3751 2051 3835 appen-

389 3853 506 3935 sione
540 3847 795 3946 roboratam.
834 3845 1051 3956 sepedicto
1083 3843 1338 3928 Monasterio
1359 3843 1403 3924 in
1422 3844 1635 3924 munimen
1654 3837 1908 3952 perpetuum
1930 3843 2051 3926 duxi-

385 3973 481 4052 'mus
524 3967 858 4051 concedendum.
909 3963 1071 4048 Datum
1124 3989 1233 4049 anno
1272 3961 1456 4046 domimi'
1477 3959 1552 4044 M'.
1596 3958 1685 4044 OC.
1724 3959 2048 4075 septuagesimo

389 4095 541 4198 quarto
562 4085 695 4170 tercio
716 4081 1112 4191 Calendas'Mareij.
