4822 5924
1012 695 1287 772 ..m-

325 893 502 986 ‹tilectru
538 892 817 1006 multipliciter
853 895 1192 1000 commendatur,
1214 895 1269 982 ob
1290 895 1421 1008 ipsius
1460 921 1628 1007 quoque
1663 898 1895 1008 peticiones
1914 903 1976 990 inss

250 1019 253 1032 '
323 1013 629 1116 santissimae,
657 1012 851 1099 volentes
884 1014 1063 1098 eundem
1096 1013 1124 1098 d
1129 1017 1336 1104 ohannem
1357 1014 1604 1125 specialium
1624 1019 1861 1127 graciarum
1881 1047 1977 1131 prae

324 1133 449 1241 sequi
480 1131 715 1236 fauoribus,
737 1144 780 1216 et
800 1133 1019 1219 ad'nostra
1047 1136 1230 1222 seruicia
1257 1136 1434 1218 reddere
1455 1134 1652 1220 continuo
1673 1141 1977 1246 'prompciorem

324 1251 465 1336 villam
487 1278 607 1334 suam
627 1251 898 1338 Krzesozuae
917 1254 961 1336 in
981 1264 1093 1338 terra
1111 1264 1257 1340 nostra
1278 1253 1549 1340 Oracouiensi
1565 1255 1772 1340 situatam
1792 1268 1916 1366 prout
1937 1260 1979 1344 in

325 1372 412 1454 suis
434 1374 555 1455 metis
577 1382 620 1454 et
641 1373 836 1482 graniciis
870 1374 923 1454 ab
956 1374 1130 1484 antiquo
1171 1376 1298 1483 longe
1334 1374 1507 1481 lateque
1543 1372 1978 1466 circumferencialiter

325 1499 390 1572 est
372 1490 609 1574 tdistincta
631 1493 684 1574 de
705 1487 809 1572 Jure
846 1490 1043 1576 Polonico
1065 1494 1108 1574 in
1129 1492 1210 1578 dus
1233 1493 1564 1596 Theutonioum,
1601 1494 1718 1605 quod
1748 1491 1978 1603 Maydbur-

325 1636 459 1719 genae
490 1611 639 1692 dicitur
670 1607 957 1694 transferimus
989 1619 1194 1722 perpetuo
1217 1616 1480 1714 duraturum,
1517 1610 1799 1695 Remonentes
1820 1612 1977 1698 ibidem

325 1729 468 1810 omnia
488 1730 579 1812 iura
601 1729 850 1840 polonicalia
871 1729 1017 1814 modos
1042 1741 1083 1812 c
1066 1731 1428 1840 tconsuetudines
1458 1733 1693 1836 vniuersos‚
1725 1759 1810 1844 que
1839 1734 1977 1842 ipsum

324 1843 406 1929 Jus
444 1845 588 1930 Theut
570 1851 757 1932 tunicum
799 1849 1045 1959 plerumque
1088 1841 1332 1959 perturbare
1375 1859 1695 1935 consueuerant.
1746 1851 1977 1940 Eximimus

324 1965 496 2073 insuper
518 1965 773 2052 absoluimus
797 1977 839 2048 et
859 1995 986 2080 perpe
991 1977 1062 2050 tuo
1083 1970 1308 2054 liberamus
1342 1969 1503 2054 Sooltet
1444 1977 1551 2054 tetos
1574 1967 1677 2057 Ome
1680 1969 1829 2054 thonos
1851 1968 1978 2054 Ortu-

325 2083 443 2166 lanos
466 2095 507 2166 et
529 2088 703 2194 quosuis
740 2083 907 2172 Incolas
942 2088 1130 2194 predicte
1165 2087 1264 2172 ville
1284 2090 1339 2170 ab
1363 2091 1474 2176 omni
1509 2086 1816 2171 Jurisdiocione
1838 2099 1880 2170 et
1900 2118 1977 2199 po·

324 2211 482 2288 testate
503 2207 687 2291 omnium
708 2208 830 2317 regni
850 2208 980 2290 nostri
1002 2209 1280 2314 palatinorum
1298 2205 1633 2292 Castellanorum
1648 2204 1848 2290 Judicum
1867 2205 1978 2294 Sub·

326 2321 512 2406 iudioum
549 2335 871 2436 oeterorumque
905 2322 1147 2409 officialium
1168 2337 1212 2408 at
1230 2327 1557 2412 ministerialium
1589 2326 1816 2409 eorundem
1838 2334 1885 2408 ut
1906 2353 1978 2409 co·

327 2468 417 2522 ram
438 2443 539 2550 ipsis
562 2453 605 2526 et
626 2444 816 2581 quolibet
837 2472 979 2528 eorum
999 2473 1074 2552 pro
1097 2445 1236 2528 causis
1257 2454 1343 2528 tam
1364 2447 1536 2556 magnis
1554 2469 1682 2552 quam
1702 2446 1856 2554 paruis
1873 2455 1980 2556 puta

327 2557 427 2642 furti
448 2564 664 2674 sanguinis
686 2563 897 2702 homicidij
918 2564 1098 2674 incendij
1119 2564 1399 2687 membrorum
1429 2563 1710 2648 mutilacionis
1732 2593 1782 2646 ao
1804 2563 1979 2676 quibus-

329 2680 394 2760 uis
417 2679 507 2762 aliis
530 2683 648 2764 citati
678 2684 845 2796 minime
875 2683 1208 2792 respondebunt,
1229 2678 1308 2764 n'ec
1331 2684 1493 2794 aliquas
1514 2711 1645 2792 penas
1665 2683 1828 2766 soluere
1864 2694 1980 2766 tene

327 2793 434 2880 bunt
417 2808 498 2900 tur,
527 2801 603 2882 sed
632 2809 726 2920 tant
727 2829 797 2882 um
828 2801 1087 2886 Kmethones
1110 2813 1152 2886 et
1172 2802 1312 2886 Incola
1344 2801 1583 2911 supradicte
1614 2803 1709 2887 ville
1739 2829 1881 2886 coram
1901 2830 1977 2886 suo

329 2912 448 3000 Scolt
430 2919 519 3001 teto
520 2922 612 3058 ‘qui
635 2912 708 3029 pro
732 2929 918 3031 tempore
937 2921 1080 3026 fuerit,
1117 2919 1328 3006 Scoltetus
1349 2947 1449 3006 vero
1472 2947 1611 3007 coram
1633 2921 1769 3033 prefat
1752 2919 1979 3005 todohan
2006 2965 2008 2975 ν

324 3061 381 3116 ne
403 3047 446 3120 et
465 3039 553 3121 suis
574 3039 801 3123 heredibus
824 3071 874 3124 ao
895 2983 1210 3129 successbribus
1240 3042 1358 3152 legit
1331 3043 1440 3124 timis
1461 3067 1538 3122 seu
1559 3051 1814 3152 quocunque
1846 3041 1980 3126 domi

326 3163 382 3238 no
401 3158 590 3266 predicte
611 3159 804 3242 villet
729 3167 804 3242 aut
826 3187 966 3245 coram
987 3163 1109 3246 nobis
1131 3163 1199 3248 vel
1221 3173 1364 3246 nostro
1396 3159 1582 3272 generali
1612 3159 1862 3297 dudici03s1
1883 3189 1978 3271 pre

326 3271 440 3356 satus
462 3275 680 3359 Johannes
702 3277 771 3360 vel
790 3307 854 3362 sur
844 3280 1053 3364 heredes
1076 3292 1118 3362 et
1138 3307 1405 3366 successores
1434 3280 1630 3392 legitimi,
1650 3280 1718 3364 vel
1738 3279 1978 3390 quicunque
2064 3387 2067 3394 ‚

329 3393 522 3478 dominus
560 3397 745 3478 eiusdem
781 3398 906 3479 ville
894 3427 938 3478 ιιι
957 3401 1173 3483 reddenda
1193 3401 1359 3482 iusticia
1379 3399 1648 3511 negligentes
1684 3397 1838 3498 forent,
1876 3398 1976 3480 dum

326 3521 468 3596 tamen
499 3525 641 3620 pert
594 3517 641 3598 lit
642 3523 773 3596 teram
803 3524 986 3598 nostram
1019 3518 1156 3626 sigillo
1187 3529 1329 3603 nostro
1361 3519 1583 3630 sigillatam
1618 3517 1784 3600 euocati
1812 3513 1977 3619 fuerint,

325 3641 427 3716 ιιιιιο
448 3661 532 3718 non
554 3634 671 3718 aliter
693 3658 819 3740 quom
840 3632 945 3716 Jure
961 3634 1225 3719 Thentonico
1247 3637 1577 3745 maydburgensi
1596 3635 1785 3746 predicto
1807 3630 1977 3718 cuilibet

323 3747 383 3837 ¹'ad
404 3753 571 3839 obiecta
611 3751 865 3862 respondere
895 3753 980 3836 sint
1010 3755 1169 3837 astricti
1206 3755 1256 3837 In
1277 3758 1414 3837 causis
1452 3765 1595 3836 autem
1630 3751 1912 3838 criminalibus
1933 3764 1977 3838 et

275 3913 288 3932 s
326 3875 579 3984 capitalibus
616 3872 807 3982 superius
843 3873 1113 3983 expressatis,
1157 3873 1345 3960 Sculteto
1381 3871 1596 3981 sepedicta
1630 3872 1727 3958 ville
1762 3872 1975 3956 iudicandi

328 3993 627 4079 Sentenciandi
663 3992 899 4108 corrigendi
920 3995 1257 4104 condempnandi
1279 4004 1322 4075 et
1342 3993 1541 4101 puniendi
1565 3991 1712 4076 damus
1735 4001 1779 4074 et
1800 3990 1976 4076 conferi·

325 4141 419 4196 mus
455 4116 571 4198 iuxta
603 4120 713 4194 terre
750 4114 1096 4196 consuetudinem
1130 4114 1298 4222 planam
1329 4123 1373 4196 et
1402 4113 1682 4198 omnimodam
1717 4119 1974 4222 potestatem

324 4239 450 4345 prout
469 4233 551 4318 hoc
571 4229 651 4313 dus
673 4229 981 4316 Theutonlcum
1017 4233 1360 4345 maydburgensc
1394 4233 1628 4372 predictum
1648 4233 1691 4314 in
1713 4233 1798 4314 suis
1828 4227 1974 4312 condi,

326 4350 518 4436 cionibus
554 4351 751 4434 clausulis
786 4361 831 4434 et
865 4355 1087 4435 sentenciis
1123 4352 1313 4460 postulat
1345 4361 1391 4434 et
1421 4353 1598 4464 requirit
1626 4347 1803 4443 Juribus
1834 4356 1973 4434 tamen

326 4467 575 4582 regalibus
564 4499 606 4552 ιιι
626 4467 821 4553 omnibus
842 4496 1004 4579 semper
1025 4471 1167 4557 saltria.
1213 4471 1377 4556 Harum
1397 4469 1552 4608 quibus
1574 4468 1765 4580 Sigillum
1787 4475 1975 4552 nostrum

327 4615 561 4701 appensum
582 4597 648 4671 est
669 4589 903 4673 testimonio
933 4589 1180 4674 litterarum
1231 4587 1429 4672 Actum
1419 4617 1460 4669 m
1480 4585 1775 4672 Nouaciuitatc
1815 4579 1972 4672 Corczt‘n

325 4708 432 4816 feria
460 4717 611 4821 quarta
640 4705 737 4790 festi
765 4707 1066 4819 penthecostes
1093 4707 1216 4792 Anno
1248 4707 1403 4792 domini
1423 4706 1636 4790 millesimo
1658 4703 1971 4789 Trecentesimo

326 4808 611 4940 Nonagesimo
648 4825 855 4915 Secundo:
899 4815 1177 4916 Praesentibus
1213 4823 1443 4938 Spithcone
1485 4821 1754 4934 Oracouiensi
1789 4821 1971 4910 Jescone

428 4961 509 5006 20¹¹·
523 4960 561 5005 ΙΙΙ.
1722 4960 1764 5026 44
