4930 5922
1086 671 1175 769 Ι--
1223 705 1296 790 rra
1330 661 1334 670 ¹
1364 743 1413 770 -·-

419 941 490 1027 po,
512 913 775 1020 Castellanis,
796 903 1033 998 Palathinis
1054 922 1097 996 et
1117 902 1345 1000 dudlcibus
1369 927 1412 1000 et
1432 907 1805 1006 consencientibus
1826 931 1875 1004 ut
1895 913 2101 1034 superius

289 1075 293 1084 ·
422 1044 490 1120 est
507 1025 764 1152 expressum.
795 1025 981 1124 Necnon·
994 1043 1194 1141 presente
1208 1023 1386 1120 ‘domino
1408 1032 1629 1146 Ptocopio,
1650 1051 1796 1124 nostro
1813 1040 2091 1147 Cancellario,
2249 1087 2258 1101 ·

419 1181 498 1262 par
518 1155 637 1238 cuim
657 1179 810 1238 manus
831 1153 1190 1264 presenspagina
1212 1163 1278 1240 cst
1299 1156 1468 1259 donata,
1491 1165 1536 1248 et
1557 1157 1648 1266 alijs
1670 1149 1957 1280 quammultis.

536 1855 542 1864 -
657 1765 680 1820 '·
769 1812 900 1896 stne
926 1811 1054 1894 roco
1075 1807 1206 1894 -1a
1232 1811 1374 1916 nnn
1398 1813 1543 1898 rara
1570 1835 1738 1896 anno.

451 2017 723 2094 Bolcutaus
743 2017 977 2093 Pudtcus
993 2017 1157 2095 tremulae
1172 1976 1205 2092 et
1219 2019 1427 2095 sardonium
1443 2021 1514 2110 iar,
1529 2019 1635 2096 coniti
1650 2023 1853 2122 Wientlptrc
1866 1993 2058 2114 mentre)
2187 2055 2201 2080 ·

466 2173 472 2180 -
615 2145 617 2156 '
677 2123 859 2198 teutatem
873 2121 979 2197 tllltm
994 2123 1242 2215 Przeyinicjurt
1256 2121 1455 2196 theuthonico
1471 2123 1591 2196 locarit
1606 2123 1758 2214 ptmlltii
1774 2127 1825 2208 (¹).
2092 2207 2097 2218 ·

516 2323 569 2407 In
588 2324 758 2407 nomine
793 2295 966 2430 Domini
1001 2320 1153 2405 Amen.
1205 2321 1320 2404 Dum
1340 2319 1447 2407 vivit
1465 2323 1624 2427 littera,
1645 2323 1751 2406 vivit
1770 2321 1817 2407 e't
1836 2328 1948 2410 actio
1964 2353 2088 2411 com·
2169 2365 2177 2377 ·
2240 2313 2243 2320 ’

413 2441 544 2530 mium
560 2437 764 2544 litterae,
801 2441 923 2522 cuius
957 2442 1135 2525 assertio
1170 2443 1308 2522 munit
1325 2445 1571 2526 memoriam
1593 2452 1636 2524 et
1655 2440 1969 2525 mundanas'ea
1986 2471 2084 2554 per-
2227 2467 2239 2490 ·

413 2568 566 2674 petuat
600 2560 810 2672 actiones,
848 2553 1014 2641 habent
1035 2559 1145 2640 enim
1166 2561 1304 2641 minus
1325 2562 1555 2643 memoriae
1576 2561 1802 2672 minusque
1824 2561 1945 2665 fidei,
1982 2563 2088 2674 quin

413 2677 578 2758 iuvacis
613 2675 779 2761 litterae
814 2677 1013 2760 'videlicet
1046 2676 1260 2788 Privilegii
1292 2679 1529 2786 suscipiant
1557 2677 1882 2778 firmamentum.
1936 2679 2092 2776 Sciant,

405 2793 545 2904 igiurr
564 2796 753 2879 urriversi
772 2804 860 2878 tam
881 2789 1119 2906 praesentis
1141 2797 1295 2879 aetatis
1316 2820 1447 2906 quam
1467 2797 1642 2906 posteri,
1659 2798 1713 2878 ed
1736 2795 2089 2907 quorumcunque

265 2973 272 2984 .
413 2911 608 2998 notitiam
645 2911 833 2997 delatum
852 2911 1204 3024 fircrit‘pracsens
1240 2916 1464 3021 scriptum,
1502 2911 1628 3014 Quod
1649 2914 1691 2997 N
1693 2941 1740 2998 os
1760 2913 1982 2998 Boleslaus
2001 2913 2092 3010 Dei,

413 3032 554 3138 gratia
566 3045 573 3059 ’
586 3029 821 3116 Oracoviae
843 3041 887 3114 et
908 3032 1199 3118 Sondomiriae
1219 3029 1320 3114 Dux
1340 3031 1505 3115 Damus
1525 3041 1570 3114 et
1590 3030 1842 3115 conferimus
1865 3029 2084 3114 Vecchoni
2206 3117 2211 3128 ,

413 3145 511 3257 (sic)
533 3151 703 3232 nomine
725 3144 903 3260 Comitis
920 3145 1164 3256 Virbentac,
1185 3149 1258 3260 filij
1280 3143 1513 3234 Clementis
1535 3147 1753 3261 quondam
1773 3148 1956 3232 Palatini
1977 3146 2088 3234 Orat

414 3265 624 3349 ooviensie
659 3275 919 3376 potestatem
953 3267 1122 3354 locandi
1152 3268 1293 3354 villam
1315 3261 1423 3352 dure
1445 3267 1726 3373 Theutonico,
1758 3263 1865 3350 dure
1886 3267 2087 3351 'videlieet

412 3379 678 3469 Franconico
699 3385 743 3468 in
763 3381 942 3500 Propino
963 3385 1019 3499 (¹)
1054 3413 1182 3495 super
1216 3383 1429 3498 magnam
1456 3395 1647 3487 suanm,
1677 3389 1721 3469 in
1755 3393 1902 3470 monte
1921 3387 1998 3497 qui
2019 3385 2083 3466 di-

412 3503 520 3586 citur
540 3501 725 3588 Karmena
741 3501 857 3617 ydra,
881 3511 1085 3618 quaeest
1104 3499 1379 3588 haereditatis
1401 3505 1593 3589 eiusdem
1614 3501 1860 3610 Virbentae,
1880 3507 1943 3587 ita
1964 3502 2082 3614 quod

273 3703 276 3709 .
409 3619 568 3703 ibidem
590 3621 627 3702 ei
645 3625 942 3732 praecepimus
959 3625 1179 3737 assignare
1197 3620 1523 3735 Quinquaginta
1540 3647 1714 3707 mansor
1734 3625 1906 3740 longos,
1922 3624 1965 3702 in
1987 3620 2095 3729 qui·
2196 3631 2209 3650 ·

411 3735 494 3820 bus
516 3763 661 3821 omnes
681 3741 852 3826 Incolae
888 3769 915 3824 a
935 3742 1143 3828 solutione
1180 3767 1335 3826 census
1359 3752 1402 3823 et
1421 3741 1626 3825 Decimae
1646 3738 1756 3822 inira
1776 3738 1930 3846 viginti
1950 3735 2093 3820 annos

411 3855 666 3966 gaudebunt
698 3859 907 3964 libertate,
927 3872 1028 3969 post
1049 3861 1237 3971 elapsam
1259 3883 1360 3944 vero
1380 3859 1620 3943 libertatem
1642 3859 1695 3940 de
1717 3855 1912 3968 quolibet
1931 3877 2082 3938 manso

356 4049 358 4056 .
410 3973 534 4058 nobis
568 3975 748 4085 singulis
786 3979 907 4060 annis
944 3979 1110 4062 solvent
1130 3981 1165 4062 si
1185 3977 1398 4064 videbitur
1420 3985 1496 4060 aut
1518 3975 1655 4058 eidem
1689 3973 1844 4058 Oomiti
1876 3967 2090 4075 Virbente·

407 4115 487 4200 pro
510 4117 644 4174 censu
665 4093 880 4178 dimidiam
898 4121 1088 4180 marcam
1111 4099 1281 4206 argenti
1314 4087 1472 4178 usualis
1494 4103 1538 4176 ct
1556 4117 1636 4202 pro
1654 4089 1835 4176 Decima
1865 4111 1942 4172 sex
1961 4111 2083 4170 men·-

274 4254 281 4263 ·
410 4235 530 4294 utras
567 4212 741 4322 triplicis
778 4233 992 4318 annones,
1030 4215 1136 4300 duas
1157 4215 1356 4298 videlicet
1376 4213 1544 4314 Tritici,
1567 4219 1611 4294 et
1632 4211 1738 4297 duas
1760 4208 1963 4322 siliginis,
1984 4207 2086 4292 toti·-

284 4316 290 4329 ’
412 4327 595 4444 demque
617 4353 794 4438 avenae,
815 4323 943 4417 Di'cto
965 4343 1108 4418 autem
1130 4316 1351 4422 Ucechoiri
1370 4343 1411 4419 et
1427 4328 1733 4432 omnibusgeius
1752 4323 2095 4414 Successoribraffi
2204 4359 2219 4386 ··

513 4565 557 4670 (l)
578 4590 792 4682 Prlrilegium
807 4591 871 4659 hcc
888 4563 1057 4679 dosephus
1068 4587 1276 4676 itepkowslri
1291 4585 1747 4658 nobiscumeommuuieevlt.
1767 4616 1770 4625 ·
1814 4624 1817 4632 ·

513 4674 557 4755 (²)
579 4674 746 4777 Przeyinic
767 4679 846 4744 villa
868 4677 1028 4744 territorii
1043 4687 1077 4742 et
1099 4699 1135 4740 rc
1160 4676 1249 4742 ionis
1274 4675 1375 4742 hodie
1400 4671 1630 4756 Ilcussiensis,
1664 4669 1845 4760 parochiae
1868 4669 1919 4737 sui
1941 4665 2085 4732 nominis
2234 4707 2243 4718 -

410 4767 525 4917 pappi,
539 4760 935 4934 sffiphmvfflllutatris
950 4761 1124 4870 generisP
1161 4759 1257 4826 cuiae
1275 4759 1559 4846 Tsczynseiorum
1573 4757 1723 4846 propria,
1748 4755 1805 4844 qui
1820 4754 1860 4820 ab
1874 4751 1929 4824 illa
1944 4749 2085 4865 comites
2205 4851 2212 4860 ¹

435 4871 451 4914 e
497 4869 551 4912 rze
626 4865 744 4932 aappe
801 4864 918 4952 ‚anan
