4856 5932
1075 649 1350 728 -381-

386 853 612 942 literarum.
643 850 803 938 Actum
823 852 867 936 in
888 850 1140 941 Scudomr'ria
1161 853 1343 942 sabbato
1365 861 1464 954 ante
1487 854 1740 942 dominicam
1757 859 2036 972 reminiscere,

387 1001 497 1060 anno
517 972 736 1063 millesimo
754 973 1171 1084 quadringentesimo
1192 973 1406 1060 vicesimo.
1439 973 1713 1060 Presentibus
1741 982 1972 1068 reuerendo
1994 983 2037 1066 in

387 1089 595 1208 (Christo)
615 1101 737 1204 patre
761 1091 929 1177 domino
951 1088 1149 1178 dohanne
1170 1092 1384 1204 Episcopo
1408 1089 1662 1201 Ohelmensi,
1683 1124 1867 1184 necnon
1886 1099 2040 1186 nobili-

386 1215 469 1300 bus
491 1221 535 1298 et
554 1213 735 1296 strenuis
754 1213 854 1296 viris
878 1207 1119 1296 crulande
1143 1212 1297 1296 Ostrow
1320 1213 1604 1319 Oracouiensi‚
1626 1213 1657 1299 J
1658 1215 1826 1301 ohanne
1847 1217 1899 1302 de
1929 1215 2058 1327 Wirq

386 1331 535 1418 rcdccw
557 1330 790 1435 Calisiensi,
810 1328 1009 1416 Johanne
1040 1332 1091 1416 de
1122 1329 1352 1416 Soreooczr'u
1372 1332 1594 1418 lublinensi
1610 1334 1862 1440 castellanis,
1878 1337 2039 1422 Pasch-

387 1479 494 1538 cone
516 1451 569 1536 de
585 1447 885 1565 Bopumilour'ce
901 1448 1057 1535 dudice
1075 1459 1117 1533 et
1132 1451 1376 1562 paschconc
1391 1451 1541 1562 zlodzey
1557 1453 1763 1566 gladifero
1796 1457 2040 1542 cracouien·

387 1572 520 1677 sibus,
538 1570 772 1679 multisque
792 1568 884 1680 alijs
903 1570 1058 1656 nostris
1078 1568 1276 1654 fidelibus
1297 1570 1382 1654 fide
1405 1572 1559 1685 dignis.
1604 1573 1764 1658 Datum
1791 1603 1868 1684 per
1888 1602 2038 1662 manus

310 1687 312 1701 '
389 1689 613 1778 reuerendi
631 1691 676 1774 in
697 1687 866 1781 Christo
887 1691 1019 1801 patris
1042 1689 1199 1776 domini
1212 1689 1375 1774 Alberti
1392 1693 1460 1776 dei
1476 1695 1621 1803 gracia
1652 1693 1854 1806 Episcopi
1883 1693 2041 1782 Oraco·

285 1857 287 1865 ·
388 1809 548 1894 niensis
569 1807 711 1921 Regni
720 1808 895 1894 Polonie
908 1808 1157 1920 Cancellarij
1174 1816 1217 1891 et
1236 1809 1514 1897 Wenerabilie
1534 1812 1744 1900 Johannis
1765 1814 1915 1898 decani
1936 1813 2041 1901 Ora-

386 1929 609 2034 couiensis,
632 1928 820 2012 eiusdem
835 1927 975 2041 Regni
996 1927 1335 2038 vicecancellarij
1358 1930 1481 2016 nobis
1497 1929 1662 2018 sincere
1678 1932 1936 2020 dilectorum.

551 2047 621 2134 Ad
640 2049 892 2134 relacionem
915 2049 1106 2159 ejusdem
1142 2047 1354 2150 lobannis
1377 2049 1528 2148 decani
1559 2051 1865 2157 Oracouiensis,
1901 2052 2040 2166 Regni

359 2203 362 2210 ’
444 2161 616 2254 Folonie
637 2166 982 2280 vicecancellarij.

1131 2573 1303 2694 CXCV.
1479 2707 1484 2714 ,

589 2833 721 2920 Siue
746 2831 1031 2919 loco-dic
1055 2831 1128 2918 ³1
1152 2833 1474 2966 Decembris
1499 2833 1640 2922 1421
1665 2851 1831 2964 auno.

384 3055 510 3132 unua
523 3053 1134 3229 ntcrlcnrnorutcrillltorlemirdol
1148 3053 1363 3241 Snucjplrrle‘pplr
1376 3053 1510 3150 ciclico
1524 3057 1558 3130 ct
1571 3053 1728 3150 culludlcc
1742 3031 1845 3130 ura
1859 3054 2035 3130 Mensis
2151 3062 2158 3073 '

1096 3175 1149 3230 ccc
1184 3175 1224 3230 cn
1332 3207 1340 3225 .

487 3365 539 3450 In
555 3366 725 3450 nomine
748 3364 904 3448 domini
923 3364 1073 3450 Amen.
1120 3363 1189 3448 Ad
1224 3366 1286 3450 rei
1313 3365 1558 3452 memoriam
1589 3367 1901 3477 sempiternam.
1949 3367 2039 3451 Nos

384 3487 536 3572 Pclrus
559 3484 613 3568 de
641 3481 793 3568 Viduoc
811 3481 955 3569 Judex
992 3493 1036 3566 et
1057 3481 1344 3572 Suantoslaus
1375 3487 1427 3570 de
1447 3483 1626 3570 Zawuda
1661 3484 1878 3571 Subiudcx
1907 3483 2041 3568 Terre

386 3604 637 3692 Siradiensis
669 3602 889 3715 generales
911 3599 1125 3687 Vniuersis
1147 3611 1191 3686 et
1209 3605 1385 3716 singulis
1420 3602 1689 3714 presentibus
1712 3593 1923 3686 soluturis
1943 3630 2040 3713 pre·

384 3725 575 3812 sancium
595 3723 793 3810 noticiam
829 3720 1035 3806 habituris
1071 3720 1360 3835 significamus
1397 3719 1525 3822 Quod
1559 3721 1712 3834 Regali
1742 3723 1784 3804 in
1805 3718 1977 3806 Judicio
1996 3721 2040 3806 in

383 3833 529 3932 nostra
547 3843 835 3951 nobiliumque
855 3840 963 3925 infra
983 3842 1246 3952 scriptorum,
1281 3841 1504 3952 presencia
1539 3841 1761 3925 constituti
1780 3839 2039 3953 Magnificus

383 3963 582 4052 Nicolaus
605 3963 659 4046 de
680 3958 895 4046 mahalon
916 3961 1132 4046 Palatinus
1155 3958 1505 4048 Sandomiriensis
1527 3969 1571 4044 el
1594 3958 1857 4071 Capitoneus
1879 3959 2038 4047 Oraco·
2129 4041 2135 4060 ,

383 4084 539 4168 niensis
561 4079 815 4190 strenuique
838 4079 997 4166 Tomos
1013 4077 1198 4165 Venator
1215 4079 1465 4166 Siradiensis
1481 4078 1665 4164 Michael
1687 4081 1741 4165 de
1761 4074 2039 4193 Rudimiu(?)

384 4213 428 4286 et
448 4199 718 4314 Clemens'de
738 4197 921 4311 Rorprzc
941 4199 996 4314 (ἱ)
1025 4197 1297 4314 delegatione
1324 4197 1630 4314 exregali(sic)‚
1648 4199 1916 4285 concordiam
1932 4195 2037 4282 feria

385 4329 537 4433 quarta
555 4319 745 4430 proxima
764 4329 864 4402 ante
882 4321 1147 4404 natiuitatem
1183 4319 1341 4406 Christi
1376 4319 1479 4404 fassi
1513 4331 1612 4403 sunt
1643 4327 1685 4402 et
1713 4314 1881 4429 publice
1915 4343 2035 4402 reco-

490 4553 531 4637 (¹)
551 4549 737 4622 vladislaus
751 4551 1037 4621 Wieczorlrowslri
1050 4551 1195 4620 tabulam
1219 4551 1304 4620 hane
1332 4551 1501 4621 nobiscum
1528 4550 1787 4628 communicavitr
1816 4548 1942 4615 invenit
1955 4571 2036 4617 vero

384 4662 456 4710 eam
470 4637 505 4705 in
521 4637 656 4704 archivo
669 4637 838 4740 suppressi
851 4638 1042 4706 monasterii
1056 4637 1270 4705 Witoviensis
1285 4637 1374 4724 apud
1388 4637 1608 4706 Petricoriam
1622 4633 1745 4701 ordinis
1761 4631 2037 4716 cisterciensium,

385 4725 434 4792 uti
448 4747 487 4792 su
512 4747 548 4790 ra
558 4723 711 4800 diximus,
723 4743 792 4810 Jam
806 4721 916 4790 multis
933 4723 967 4790 in
976 4723 1074 4798 ,locis
1097 4721 1248 4810 Archety
1275 4745 1317 4788 on
1333 4743 1577 4810 pergamenum.

487 4746 530 4893 ll)
551 4809 704 4901 Rozprza,
718 4805 797 4876 urbs
810 4829 913 4895 parva
926 4807 1184 4876 Petricoviensis
1199 4745 1295 4874 hodie
1313 4807 1467 4896 regionis,
1484 4803 1650 4872 castellani
1664 4803 1798 4873 minoris
1814 4803 1920 4874 sedes.
