4930 5922
1050 755 1140 842 ·-
1215 679 1403 790 raa-'-

414 949 510 1006 nem
532 949 639 1032 pene
662 917 854 1028 capitalis
875 918 967 1000 siue
985 916 1203 1026 homicidij
1230 917 1363 1001 libera
1382 919 1658 1028 percipiendo
1678 919 1848 1029 absque
1867 919 1952 1004 ulla
1973 949 2076 1008 con-

413 1041 652 1124 tradicione
665 1037 846 1120 Palatini
870 1035 1221 1146 Sandomiriensis
1243 1050 1286 1121 et
1308 1034 1537 1118 Castellani
1558 1035 1863 1147 Wysliciensis.
1908 1037 2074 1138 Damus

413 1171 456 1242 et
476 1158 773 1242 confirmamus
795 1153 910 1265 quod
932 1179 1080 1236 omnes
1100 1154 1235 1238 incole
1256 1163 1300 1234 et
1328 1153 1632 1237 inhabitatores
1653 1158 1899 1266 quicunque
1919 1159 1962 1236 in
1977 1158 2076 1242 nlla

411 1280 509 1359 iamx
530 1301 631 1384 sepe
666 1274 811 1383 sepius
844 1272 1062 1353 nominata
1106 1267 1433 1352 Clemlinouicbi
1474 1273 1743 1382 mansionarij
1795 1273 2074 1359 inuenientur.
2147 1277 2150 1284 ’

409 1395 564 1504 Neque
584 1405 769 1488 atrocum,
792 1417 931 1500 neque
951 1414 1149 1490 vaccam,
1185 1411 1325 1498 neque
1358 1415 1499 1491 ovem,
1535 1417 1676 1501 neque
1711 1402 1820 1486 alan,
1842 1417 1984 1500 neque
2000 1419 2075 1501 po·

409 1537 500 1610 coz,
538 1516 680 1620 neque
712 1504 905 1619 poaolone
946 1505 1110 1588 soluent
1146 1513 1187 1591 et
1217 1505 1273 1586 ab
1295 1505 1494 1586 omnibus·
1513 1507 1749 1616 alijs-plane
1789 1505 2075 1592 solucionibus

410 1638 455 1710 et
475 1625 767 1710 exactionibus
785 1624 941 1707 liberos
962 1621 1141 1704 facimus
1164 1630 1206 1703 et
1226 1631 1458 1730 exemptos.
1490 1621 1575 1722 Qui
1597 1651 1739 1707 coram
1755 1621 1945 1706 Palatino
1964 1623 2073 1708 San-

409 1744 652 1828 domiriensi
674 1753 716 1824 et
737 1741 979 1826 Castellano
1001 1739 1337 1847 Wysliciensiet
1357 1766 1500 1822 eorum
1525 1739 1737 1823 iudicibus
1756 1742 1802 1820 in
1822 1740 1933 1823 nullo
1955 1769 2073 1849 pror·

410 1889 483 1944 sus
521 1862 638 1942 citati
672 1858 1008 1968 respondebunt,
1043 1859 1125 1938 nisi
1161 1885 1303 1941 coram
1339 1856 1462 1939 nobis
1493 1859 1788 1941 tantummodo
1813 1859 1976 1941 euocati
1997 1885 2073 1968 per

408 1979 573 2061 literam
594 1977 804 2086 parebunt
823 1985 968 2060 nostro
990 1974 1144 2058 annulo
1176 1974 1414 2084 sigillatam.
1466 1975 1526 2058 Ut
1547 1972 1691 2058 autem
1712 1977 1792 2057 hec
1811 1975 2006 2059 vendicio
2031 1985 2073 2058 et

409 2105 552 2178 nostre
587 2095 792 2177 libertatis
829 2094 1047 2176 concessio
1082 2091 1211 2174 robur
1247 2091 1455 2192 firmitatis
1493 2092 1685 2177 obtineat
1717 2100 1959 2201 presentem
1991 2091 2104 2204 sibi¹

408 2211 611 2322 paginam
628 2213 848 2320 superbiis
866 2208 1105 2293 confectam
1125 2209 1256 2292 nostri
1276 2209 1402 2319 sigilli
1420 2214 1649 2292 munimine
1669 2207 1847 2290 fecimus
1867 2207 2069 2296 roboras.

376 2415 380 2423 ,
407 2330 519 2410 Acta
540 2339 641 2410 sunt
661 2337 806 2410 autem
824 2329 905 2408 hcc
925 2329 969 2407 in
992 2322 1186 2406 Cracouia
1206 2351 1317 2408 anno
1340 2327 1496 2409 domini
1531 2328 1608 2424 ΜΡ.
1630 2327 1739 2412 00⁰.
1756 2323 1915 2408 LXXl.
1933 2321 2070 2412 Vfflc

407 2445 683 2528 Presentibus
719 2445 799 2528 hiis
835 2469 1016 2554 quorum
1051 2443 1135 2526 ista
1171 2453 1270 2525 sunt
1299 2445 1479 2526 nomina:
1502 2443 1764 2528 Venerabilis
1785 2449 2071 2551 paternoster
2121 2473 2134 2500 ·

393 2563 606 2646 'dominus
638 2562 793 2645 Paulus
817 2563 884 2644 dei
905 2563 1052 2670 gracia
1071 2561 1311 2671 Episcopus
1344 2561 1652 2666 Oracouiensis,
1674 2564 1829 2648 Comes
1850 2556 1976 2642 Wars
1998 2586 2071 2640 ca·

408 2679 609 2788 atellanus
631 2679 927 2782 cracouiensis,
950 2680 1105 2765 Comes
1127 2677 1332 2761 ‹lanusius
1353 2679 1570 2761 Palatinus
1594 2677 1965 2778 Sandomiriensis‚
1987 2675 2072 2760 Go-

407 2823 497 2880 mes
518 2797 725 2880 Imram'us
761 2796 955 2879 tribunus
992 2797 1295 2898 emoniensis,
1318 2797 1393 2904 qui
1413 2797 1537 2878 huius
1558 2799 1730 2907 negocii
1751 2796 1888 2878 extitit
1916 2819 2072 2901 procu·

407 2925 521 2998 rator
544 2925 585 2996 et
606 2915 830 2998 ordinator.
884 2913 1038 2997 (lomes
1074 2911 1268 2997 Jacobus
1299 2912 1411 2995 filius
1438 2913 1652 3023 ¹Spioimiri
1673 2914 1894 3020 subagaao
1915 2919 2072 3009 noster,

410 3025 760 3115 Sando'miriensis
783 3041 826 3112 et
846 3032 913 3139 alij
951 3055 1082 3141 quam
1117 3031 1270 3139 plures.
1320 3030 1481 3114 Datum
1510 3031 1573 3114 X⁰
1592 3052 1731 3138 nonas
1750 3029 1948 3116 Octobris
1969 3023 2070 3139 (sic)

407 3175 485 3258 per
505 3175 677 3231 manum
696 3149 879 3256 Philippi
900 3148 1218 3258 subcancellarij
1241 3150 1354 3230 curie
1375 3161 1531 3233 nostre.

1170 3563 1309 3698 ΗΠ.

410 3783 416 3796 “
540 3800 610 3886 ln
641 3803 783 3926 vitto
817 3805 1416 3920 'lfomrcpncxncc-lt
1441 3803 1581 3910 Mat}
1606 3806 1748 3891 1281
1773 3821 1956 3946 cronos

407 3995 582 4086 imitabilis
603 4011 781 4098 conpositio
802 4012 881 4084 inter
902 4013 1119 4084 Petrum
1141 4014 1288 4086 rectorem
1310 4015 1459 4087 ecclesiae
1473 4013 1504 4086 ir
1519 4015 1699 4081 Bodzanow
1715 4015 1748 4083 et
1761 4010 1977 4086 nonacrim
1993 4007 2068 4074 Sta-

406 4117 559 4198 stanna
573 4111 614 4183 do
626 4111 780 4185 solullono
790 4120 969 4236 przysistne
982 4111 1680 4300 mlfflbbfflfflpfomlwm
1694 4115 1774 4185 lm
1787 4109 1898 4183 bun
1912 4109 2070 4200 episcopt}

509 4389 560 4471 In
581 4387 748 4474 nomine
771 4387 929 4472 domini
950 4385 1058 4472 Jesu
1075 4389 1231 4475 Christi
1246 4389 1395 4473 Amen.
1429 4353 1641 4489 Qvoniam
1663 4417 1715 4470 ea
1736 4416 1820 4499 que
1841 4387 1919 4470 rite
1941 4396 2067 4497 gesta

408 4515 506 4586 sunt
525 4507 695 4593 trahctu
718 4503 816 4619 (sic)
847 4509 1046 4620 temporis
1077 4507 1293 4602 hominum
1321 4487 1493 4593 labente
1523 4509 1723 4592 memoria
1754 4507 1896 4616 sepius
1916 4506 1959 4588 in
1978 4504 2068 4586 irri-

510 4737 554 4818 (1)
576 4733 753 4802 Slawir'rski
769 4737 947 4824 descripsit
961 4761 1003 4806 ex
1017 4737 1128 4804 tabula
1141 4759 1341 4827 pergamena
1354 4755 1442 4824 qnae,
1455 4737 1649 4822 Staniatciis
1664 4727 1862 4848 auersetur.
1887 4733 2067 4804 Funiculus

407 4826 532 4884 tantum
547 4817 642 4886 adest
655 4843 874 4906 pergamenus
890 4845 961 4892 sme
978 4824 1099 4912 sigillo.
