4930 5922
1075 1369 1078 1378 ,
1171 1233 1334 1350 ann

907 1485 1430 1576 cracoviae-1282
1448 1505 1616 1572 anno.

305 1781 310 1786 .
421 1709 583 1781 nacco
604 1707 707 1780 diuus
727 1705 881 1794 niger
898 1705 962 1784 dux
976 1703 1157 1794 neuneu,
1177 1705 1384 1780 &ononida
1398 1707 1432 1778 et
1446 1704 1582 1780 Βίηᾱὶιο
1600 1707 1743 1796 aputu
1757 1722 1814 1778 ero
1826 1703 1969 1804 nolula
1982 1703 2095 1782 nna

613 1811 772 1902 privilegiu
798 1807 984 1884 numano
1006 1807 1087 1898 apul
1102 1809 1279 1881 ortuum
1293 1807 1562 1897 Zwiazyniecemi
1578 1806 1663 1893 dua
1678 1805 1838 1880 eonnnrt
1851 1807 1901 1891 (¹)

524 2019 579 2101 ‘ln
601 2019 768 2102 nomine
807 2017 964 2101 domini
1000 2043 1135 2097 amen.
1198 2015 1494 2099 Humanorum
1531 2015 1725 2099 condicio
1764 2025 1982 2126 gestorum
2016 2015 2094 2098 sub

424 2133 773 2220 thabescencium
808 2134 907 2246 lege
941 2144 1180 2243 temporum
1217 2135 1468 2236 constituta,
1505 2131 1816 2243 refragacionis
1855 2132 2097 2217 discrimina

309 2309 317 2324 ,
425 2258 538 2361 apud
559 2264 753 2364 posteros
775 2253 915 2336 subire
939 2263 1175 2363 cogeretur,
1210 2253 1291 2333 nisi
1312 2251 1501 2336 valituris
1522 2254 1565 2334 in
1587 2277 1711 2334 omne
1733 2253 1919 2334 seculum
1941 2254 2096 2334 instru-

424 2374 597 2476 mentis,
620 2383 662 2453 et
682 2372 899 2481 scripturis
922 2373 1166 2474 autenticis,
1188 2369 1518 2477 testimonioque
1541 2368 1788 2472 sufficienti,
1824 2397 1910 2479 que
1930 2381 2096 2478 tempo·
2179 2429 2185 2438 ·

424 2491 566 2608 taliter
589 2499 715 2602 gesta
736 2497 852 2592 sunt,
873 2489 1115 2587 firmitatem
1137 2489 1669 2598 perpetuamsortirentur.
1727 2487 1910 2572 Proinde
1931 2489 2098 2570 nouerit

422 2619 513 2692 tam
534 2635 708 2718 presens
732 2616 834 2710 etas,
856 2633 984 2717 quam
1016 2605 1169 2710 futura,
1207 2607 1323 2717 quod
1345 2633 1422 2691 nos
1443 2606 1602 2689 Lestoo
1626 2607 1694 2688 dei
1716 2607 1864 2716 gracia
1885 2607 1971 2690 dux
1992 2603 2102 2692 Cra·¹
2220 2607 2225 2612 ’

426 2728 570 2830 conis,
594 2725 877 2828 Sandomirie,
900 2734 944 2806 et
965 2724 1147 2825 Siradi'e,
1184 2725 1408 2806 ecclesiam
1440 2725 1575 2805 sancti
1605 2725 1829 2807 saluatoris
1851 2722 2098 2832 Monasterij·
2190 2751 2245 2824 j
2336 2835 2343 2848 ἱ

427 2845 482 2925 da
504 2842 712 2926 Sueriucio
733 2842 888 2926 ordinis
910 2844 1315 2952 praemonstracensis
1337 2843 1554 2924 sinceriter
1579 2833 1905 2954 prosequentes,
1927 2853 1976 2923 ut
1997 2841 2097 2927 doo-

427 2961 567 3044 dicate
589 2961 932 3044 sanctimoniales
952 2961 1117 3043 ibidem·
1131 2957 1239 3040 «lesu
1258 2958 1426 3043 Christo
1450 2959 1711 3044 commodius
1733 2959 1998 3062 famulentur,
2018 2987 2094 3068 pro

286 3165 289 3174 ,
427 3089 572 3164 nostra
593 3088 636 3159 et
656 3087 893 3163 nostrorum
928 3077 1061 3160 salute
1098 3079 1322 3186 parentum
1362 3076 1659 3171 odnfirmamus
1695 3089 1839 3161 nostro
1874 3077 2094 3187 priuilegio
2185 3099 2190 3106 “

414 3187 700 3302 'innouantes,
723 3222 868 3280 omnes
888 3196 1143 3300 libertates„
1158 3195 1414 3280 donaciones
1440 3205 1481 3278 et
1500 3197 1788 3288 immunitates
1807 3223 1884 3305 per
1904 3195 2093 3278 inclitum
2218 3222 2219 3226 ‘

427 3317 662 3424 principem
705 3312 903 3399 dilecmm
938 3323 1136 3423 patruum
1152 3391 1159 3407 ‚
1174 3326 1361 3398 nostrum
1397 3311 1641 3400 B'olcslaum
1677 3316 1745 3398 dei
1781 3315 1930 3425 gracia
1963 3313 2097 3397 felicis

427 3434 628 3518 memorie
651 3432 867 3544 quondam
890 3433 1043 3520 ducem
1065 3433 1275 3518 Oracouie
1297 3441 1341 3514 et
1361 3432 1640 3540 Sandomirie,
1660 3436 1743 3546 ipsi
1764 3433 2020 3542 Monasterio
2042 3433 2095 3515 de
2232 3489 2238 3497 -

429 3549 636 3633 Sverriwia
674 3551 832 3634 donata
854 3560 897 3632 et
916 3553 1137 3662 priuilegio
1175 3577 1252 3635 suo
1290 3551 1550 3654 confirmata.
1601 3554 1670 3638 Ita
1705 3555 1821 3664 quod
1857 3554 2098 3660 prepositus

421 3669 511 3777 jam
535 3669 636 3751 dicti
657 3669 899 3779 Monosterij
923 3697 1019 3752 curn
1042 3668 1237 3754 omnibus
1260 3669 1499 3753 hominibus
1522 3681 1565 3753 et
1583 3669 1729 3752 incolis
1751 3669 1961 3771 villarum,
2004 3669 2098 3748 tha-

362 3817 366 3834 ·
428 3779 709 3870 bernatorum
723 3799 765 3868 et
785 3787 1214 3891 molendinariorium,
1247 3815 1390 3873 coram
1412 3787 1642 3872 castellano
1674 3788 1934 3884 craoouiensi
1958 3793 2002 3867 et
2019 3813 2097 3894 pa-

429 3903 559 3988 latino
582 3909 656 3984 aut
676 3903 768 4014 alijs
789 3906 1008 4013 palatinis,
1045 3907 1284 3988 castellanis
1321 3905 1389 3989 vel
1417 3905 1634 4015 judicibus
1672 3932 1813 3988 corum
1851 3931 2097 4012 comparere
2142 3916 2148 3920 “

429 4049 513 4106 non
534 4031 759 4102 teneantur
781 4022 891 4132 (sic),
915 4027 1005 4106 siue
1026 4025 1284 4132 respondere
1305 4052 1381 4136 pro
1405 4051 1663 4134 quacunque
1701 4049 1851 4126 eausa,
1887 4023 1968 4104 nisi
2003 4031 2099 4103 tan-

427 4149 682 4222 tumooram
704 4149 848 4236 nostro
863 4141 1024 4248 judicio
1048 4141 1359 4251 comparebunt
1378 4151 1422 4222 et
1434 4141 1644 4248 judicium
1666 4140 1807 4223 subire
1828 4139 2099 4244 tenebuntur,

432 4259 531 4340 dum
551 4285 628 4368 per
648 4257 811 4340 literam
844 4283 957 4340 cum·
980 4259 1116 4371 sigillo
1137 4273 1280 4346 nostro
1304 4268 1346 4340 et
1364 4287 1439 4369 per
1459 4259 1773 4342 ministerialem
1796 4259 1851 4340 ad
1872 4259 1986 4340 idem
2006 4257 2099 4340 firc-

534 4510 576 4587 (¹)
600 4506 772 4573 Bolcslaus
790 4507 936 4575 Pudieus
952 4531 1038 4572 anno
1056 4511 1139 4574 1256
1154 4508 1264 4574 multis
1279 4508 1466 4596 privilegiis
1495 4507 1729 4573 monasterium
1759 4507 1876 4573 Zuicrz
1898 4511 2032 4572 nicaense
2047 4530 2100 4572 or·

401 4591 536 4672 fnavit,
564 4593 638 4656 vide
669 4592 765 4676 hujus
794 4590 931 4659 Codicis
958 4594 1065 4658 nostri
1093 4593 1190 4658 Tomi
1206 4596 1236 4674 3,
1252 4617 1329 4678 pag.
1343 4597 1393 4672 69,
1420 4592 1566 4680 diploma
1591 4593 1662 4678 ejus
1690 4591 1750 4657 sub
1773 4591 1826 4657 N⁰·
1950 4591 1996 4656 lll
2009 4592 2099 4677 typis

434 4677 637 4758 impressum.
675 4675 785 4741 Lesco
813 4675 915 4763 Niger
937 4677 1146 4763 privilegium
1173 4679 1317 4744 Boleslai
1343 4677 1480 4743 verbum
1504 4677 1544 4742 ad
1575 4676 1710 4742 verbum
1737 4685 1877 4742 renovat
1902 4699 1988 4741 anno
2006 4677 2100 4758 1287,

317 4794 322 4800 -
432 4758 681 4823 renovationem
710 4757 795 4824 hanc
811 4761 991 4845 descripsit
1006 4762 1104 4826 etiam
1119 4761 1349 4828 Muczlrowski
1365 4786 1405 4828 ex
1419 4761 1598 4827 Tabulario
1630 4761 1773 4827 Publice
1805 4761 1911 4846 Regni
1940 4759 2101 4846 (Metrylri
2200 4763 2202 4768 ’

430 4843 581 4914 koronne
597 4841 663 4908 vol.
674 4845 712 4906 a?
728 4867 804 4934 pag.
818 4847 905 4926 268).
