4856 5932
1078 679 1126 695 -
1178 525 1416 716 doli--x

393 853 549 938 herede
569 851 612 935 in
632 845 781 960 Pylczu
800 841 854 960 (ἢ
876 845 1067 931 volentes
1089 854 1132 928 et
1152 845 1370 954 cupientes
1392 849 1558 926 nostras
1580 855 1853 954 augmentare
1875 843 2040 933 heredi-

393 983 503 1056 tates
524 973 566 1054 in
589 969 782 1052 districtu
817 973 1053 1051 nostrornm
1089 965 1371 1047 hereditatvnr
1408 961 1602 1072 Pylcensi
1640 963 1742 1048 alias
1772 975 1820 1050 vt
1847 978 2041 1054 tenemur

394 1093 591 1176 dedimus
604 1085 743 1197 Nylrel
763 1085 930 1172 Ozenar
948 1111 1081 1168 ‘vnum
1110 1083 1247 1168 locvm
1272 1109 1347 1194 pro
1380 1079 1670 1166 edifficacione
1693 1084 1790 1197 (sic)
1812 1084 2040 1174 Thaberne

392 1219 499 1300 inter
530 1209 634 1292 duas
663 1205 847 1290 fabricas
876 1203 1075 1289 videlieet
1103 1199 1369 1312 zuwyerczslco
1390 1197 1451 1315 (³)
1479 1211 1523 1284 et
1552 1202 1661 1284 inter
1688 1201 1958 1312 Bylanowslru
1978 1207 2041 1323 (⁴)

391 1331 600 1444 wlgariter
639 1333 961 1435 nuecuppatens
983 1319 1080 1436 (sic)
1097 1347 1230 1433 penes
1250 1321 1456 1432 piscinam
1486 1318 1722 1406 inferiorem
1743 1321 2039 1439 Zawyerczalry,

389 1452 568 1560 Insuper
591 1449 783 1532 addimus
813 1444 893 1528 sibi
913 1470 1042 1526 vnum
1076 1441 1215 1526 locvm
1251 1467 1327 1553 pro
1361 1443 1632 1552 reputacione
1669 1453 1713 1524 et
1749 1441 2041 1534 edifficacione

391 1573 552 1685 piscine
572 1571 617 1651 in
635 1566 819 1652 fllvmine
841 1589 925 1672 que
945 1561 1155 1672 wlgariter
1176 1557 1359 1669 Mostldcy
1379 1570 1618 1672 nvcupatur
1638 1563 1735 1678 (sio)
1759 1591 1852 1648 cvm
1867 1563 2040 1650 liberta·

389 1703 433 1777 te
457 1693 645 1802 quinque
670 1710 871 1767 annorvm
894 1678 980 1766 Sed
1002 1680 1367 1792 elapsisquinque
1384 1679 1516 1784 annia,
1540 1691 1693 1766 extunc
1716 1683 1838 1766 nobis
1860 1695 1936 1767 aut
1962 1713 2038 1771 no·

392 1812 487 1895 stris
509 1803 825 1896 successoribus
846 1827 972 1885 vnam
993 1826 1250 1910 sexagenam
1271 1799 1447 1910 singulis
1470 1801 1589 1884 annis
1611 1803 1777 1886 soluere
1799 1812 1842 1886 et
1863 1804 1964 1888 dare
1984 1807 2040 1889 sit

393 1933 590 2018 astrictus
610 1922 807 2008 videlicet
820 1920 1002 2002 mediam
1012 1945 1270 2030 sexagenam
1280 1919 1335 2001 ad
1350 1917 1505 2002 festum
1521 1923 1661 2004 sancti
1672 1921 1841 2006 Martini
1858 1933 1901 2006 et
1916 1925 2040 2008 aliam

392 2051 574 2136 mediam
595 2067 853 2152 sexagenam
874 2039 929 2123 ad
949 2035 1101 2122 festvm
1132 2039 1270 2150 sancti
1299 2036 1479 2124 Joannis
1513 2039 1710 2148 Baptiste
1740 2041 1889 2125 Eoiam
1910 2072 2039 2128 vnum

374 2182 524 2257 ‘ortvm
545 2167 612 2249 vel
630 2164 773 2273 plures
793 2168 922 2267 prout
940 2157 1086 2240 melius
1107 2157 1263 2268 poterit
1285 2165 1328 2240 ot
1348 2185 1474 2269 agros
1502 2169 1624 2268 prata
1642 2162 1760 2244 iuxta
1779 2161 1944 2246 libitvm
1965 2191 2040 2247 sus

391 2285 616 2375 volvntatis
639 2281 848 2392 extirpare
882 2280 944 2360 ita
962 2275 1089 2388 longe
1113 2285 1156 2359 et
1173 2278 1258 2361 late
1277 2287 1405 2388 prout
1438 2278 1519 2362 sibi
1553 2278 1704 2376 Petrus
1744 2279 1796 2363 de
1832 2279 2039 2393 ereptow

389 2415 570 2520 protunc
590 2408 738 2488 noster
760 2397 1023 2508 Capitoneus
1043 2395 1261 2505 Pylcensis
1283 2423 1468 2482 unacum
1504 2397 1718 2484 Wlodario
1750 2396 1955 2510 Gregorio
1987 2399 2040 2483 de

391 2523 678 2638 Bylaoowycze
717 2521 994 2630 assignarunt
1028 2542 1156 2626 super
1200 2513 1371 2600 arbores
1406 2517 1450 2598 in
1485 2515 1618 2602 Borra
1653 2529 1799 2603 nostra
1831 2519 2042 2632 wlgariter
2148 2505 2158 2622 f

391 2646 567 2754 Schosny
589 2641 657 2754 (ἒ).
677 2641 730 2726 ln
750 2665 835 2754 quo
854 2641 947 2723 loco
970 2644 1013 2718 et
1033 2633 1166 2718 Borra
1185 2638 1240 2718 sit
1258 2645 1306 2719 vt
1324 2634 1532 2750 prefertur
1557 2648 1714 2742 nostra,
1745 2667 1825 2722 sua
1855 2665 1930 2749 pro
1950 2667 2042 2722 me-

257 2771 261 2787 '
388 2765 616 2850 lioracione
636 2770 770 2844 metas
800 2756 1010 2870 wlgariter
1047 2752 1222 2864 Solosny
1259 2783 1342 2838 non
1379 2757 1624 2843 excedendo
1659 2767 1803 2868 potest
1832 2759 2041 2870 extirpare

390 2911 516 2997 agros
536 2889 661 2993 prata
682 2889 887 2994 quantvm
906 2876 1002 2986 plus
1024 2883 1067 2956 et
1087 2877 1224 2985 magis
1247 2875 1426 2960 voluerit
1444 2873 1593 2962 Eciam
1612 2880 1655 2962 in
1679 2876 1911 2962 Thaberna
1939 2906 2037 2990 pre-

390 3005 504 3088 dicta
525 3007 668 3113 potest
688 3025 838 3084 carnes
861 3007 905 3080 et
922 3021 1076 3105 panem
1096 2995 1294 3104 pistando
1323 2996 1506 3079 vendere
1538 3007 1743 3110 tanquam
1763 3025 1888 3082 verus
1917 3006 1961 3081 et
1978 2999 2038 3081 le·
2149 3046 2154 3054 ·

387 3123 578 3236 gittimus
598 3121 733 3203 heres.
782 3115 868 3218 Qui
897 3117 1033 3200 eciam
1053 3113 1191 3225 Nylrel
1213 3115 1376 3200 annar
1405 3113 1509 3200 'cvm
1545 3119 1708 3199 citatus
1742 3145 1816 3227 per
1853 3117 2038 3230 aliquem

387 3241 514 3326 fuerit
533 3239 745 3324 hominem
766 3239 837 3324 vel
857 3235 1125 3320 kmethonem
1148 3262 1233 3319 non
1256 3234 1377 3317 aliter
1411 3237 1492 3318 nisi
1526 3237 1646 3318 iuxta
1676 3236 2038 3321 Consuetudinem

388 3370 625 3447 nostrorum
645 3357 920 3442 kmethonum
949 3356 993 3436 in
1022 3350 1310 3463 Bylunowyoze
1346 3382 1489 3438 coram
1517 3365 1661 3440 nostro
1696 3355 1895 3441 wlodario
1933 3355 2039 3440 dure

388 3491 507 3564 teuto
532 3473 629 3591 (sic)
652 3477 846 3560 omnibus
878 3476 929 3557 de
951 3502 997 3556 se
1019 3472 1339 3582 querelantibus
1374 3472 1648 3584 respondebit
1676 3475 1825 3558 Eeiam
1859 3475 1978 3590 ligna
1997 3477 2041 3559 in

388 3599 521 3686 Borra
542 3624 620 3680 sua
637 3624 715 3706 pro
736 3596 992 3678 necessitate
1015 3621 1066 3677 ac
1089 3588 1380 3676 edifficacione
1405 3595 1553 3678 domus
1573 3603 1614 3676 et
1629 3594 1858 3679 Thaberne
1876 3597 2042 3682 excidet

389 3729 598 3832 quantum
622 3717 703 3800 sibi
730 3716 963 3800 necessitas
992 3711 1117 3796 fuerit
1137 3713 1248 3798 nullo
1268 3711 1611 3826 Oontradioente.
1657 3713 1807 3798 Eciam
1830 3716 1979 3799 damus
2003 3715 2041 3796 ei

392 3837 675 3924 omnimodam
695 3843 952 3945 potestatem
983 3831 1259 3917 Thabernam
1289 3835 1526 3942 predictam
1562 3833 1748 3918 vendere
1783 3843 2039 3919 commutare

389 3989 441 4043 ao
465 3957 647 4039 alienare
680 3957 806 4038 etad
837 3981 938 4037 vsus
970 3978 1067 4036 suos
1101 3961 1348 4036 convertere
1379 3962 1504 4063 prout
1541 3953 1623 4036 sibi
1652 3952 1800 4049 melius
1830 3952 2041 4037 videbitur

389 4075 586 4188 expedire
623 4073 768 4156 datum
798 4075 840 4154 in
871 4067 1018 4180 Pyloza
1056 4067 1160 4154 feria
1191 4070 1346 4154 Tereia
1379 4079 1478 4181 post
1519 4071 1687 4154 Pascha·
1726 4072 1850 4156 Anno
1883 4073 2040 4157 domini

389 4197 607 4282 Millesimo
640 4187 956 4276 OOOO⁰XXX
986 4190 1132 4297 primo.
1179 4189 1229 4271 In
1262 4187 1394 4272 Cuius
1426 4189 1507 4274 Rei
1538 4193 1825 4277 testimonium
1848 4189 2040 4305 Sigfflvm

388 4328 576 4402 nostrvm
607 4320 672 4396 est
702 4337 935 4427 appensum
964 4305 1231 4420 presentibus
1262 4307 1403 4394 Nobili
1432 4309 1606 4395 Nicolao
1640 4311 1830 4400 Sculteto
1863 4311 1916 4396 de
1948 4309 2042 4394 sta-

492 4549 536 4714 lll
557 4545 729 4708 {blrblbroia
738 4631 816 4697 villa
822 4627 968 4716 regionis
979 4627 1185 4695 Leloviensis
1196 4629 1229 4692 in
1242 4627 1453 4697 Craeoviensi
1465 4631 1647 4718 provincia,
1656 4629 2041 4718 (parochiaKromoldw).

495 4719 534 4796 t⁴l
559 4719 768 4797 Bisloaowira
784 4715 861 4782 villa
876 4713 1018 4814 ejusdem
1032 4713 1174 4800 regionis
1190 4724 1224 4780 et
1237 4717 1436 4802 provinciae,
1451 4717 1622 4803 (parochia
1631 4717 1836 4794 Kromoldw).

496 4804 534 4881 (⁵)
560 4799 670 4890 Sosny:
682 4829 775 4871 aesna
791 4801 953 4889 polentes,
966 4810 1016 4868 est
1028 4804 1125 4890 pinus
1142 4800 1230 4888 apud
1247 4801 1420 4870 Romanos.
