4856 5932
1023 719 1297 796 -su-

332 916 511 1002 Soultati
533 919 620 1021 orit,
644 925 687 1000 at
707 918 745 1004 si
764 923 892 1006 sanat
913 917 1096 1023 redierit,
1117 918 1217 1000 hinc
1238 947 1333 1004 eum
1355 917 1546 1005 Sculteto
1578 918 1770 1030 praefato
1804 921 1979 1008 reddere
2026 907 2029 914 ¹

334 1035 482 1136 debeo,
504 1044 550 1119 et
567 1037 651 1120 mei
671 1037 831 1146 posteri
848 1063 1071 1150 sequaces.
1102 1035 1245 1122 Etiam
1266 1039 1525 1152 praedictus
1541 1037 1756 1126 scultetus
1778 1043 1982 1128 omnimo·

331 1155 430 1240 darn
450 1154 629 1241 habebit
647 1165 902 1266 potestatem
922 1159 964 1240 in
986 1155 1107 1242 metis
1131 1166 1174 1240 et
1194 1160 1390 1270 graniciis
1411 1157 1601 1244 villtrum
1621 1186 1751 1269 saepe
1773 1159 1980 1246 dictarum

329 1283 419 1360 tam
439 1274 567 1386 longe
589 1277 747 1380 atlete,
766 1286 892 1385 prout
913 1278 1124 1388 granicies
1142 1304 1190 1360 se
1211 1279 1455 1379 extendunt,
1479 1306 1622 1364 omnes
1646 1287 1688 1362 et
1708 1273 1897 1390 singulas
1916 1273 1980 1360 'fe-

332 1421 472 1476 rarum
493 1403 535 1476 et
553 1395 733 1505 piscium
751 1397 999 1480 venationes
1022 1423 1227 1501 exercere,
1253 1425 1419 1481 necnon
1447 1408 1492 1482 et
1518 1399 1750 1482 excisiones
1788 1396 1983 1482 arborum

337 1521 380 1594 at
398 1512 608 1623 lignorum
629 1515 755 1598 toties
777 1515 944 1624 quoties
966 1514 1046 1599 sibi
1065 1513 1189 1600 fuerit
1210 1529 1503 1627 opportunum
1513 1526 1556 1600 et
1570 1519 1655 1601 suis
1670 1516 1868 1628 legitimis
1889 1543 1986 1598 suc-

229 1711 231 1716 .
336 1631 588 1714 sessoribus.
621 1631 840 1719 Granicies
862 1661 962 1718 vero
983 1634 1221 1718 villarum'
1204 1664 1294 1745 Jam
1317 1637 1403 1718 dict
1386 1645 1523 1720 tarum
1557 1639 1617 1720 ita
1654 1665 1700 1719 se
1736 1633 1981 1739 extendunt3

333 1748 441 1836 Oum
463 1749 644 1835 Domino
664 1753 870 1861 Procopio
893 1752 945 1834 de
966 1750 1179 1837 Kruzloroo
1199 1753 1320 1868 (ι’)
1277 1751 1473 1838 Ci'eorowo
1494 1757 1700 1868 granieies
1722 1751 1910 1856 habebit,
1943 1764 1986 1837 et

332 1897 359 1951 a
381 1864 577 1950 cloniaca
595 1896 732 1980 usque
755 1872 809 1953 ad
829 1871 1145 1954 Ptaira'lcorooet
1163 1899 1303 1986 usque
1323 1875 1496 1985 fluvium
1521 1885 1563 1958 et
1586 1872 1736 1958 Croroa
1757 1818 1980 1958 Komiohlro
2029 1875 2040 1884 “

329 1987 568 2098 rivulorum,
588 2017 661 2127 qur
649 1989 831 2076 dividit
851 1979 1073 2104 granieies,
1108 2019 1380 2106 quocumque
1408 1993 1513 2078 ierit
1559 1991 1801 2080 Praefatam
1837 2002 1977 2076 autem

282 2147 284 2156 ν
333 2105 634 2190 donationem
623 2139 665 2192 ιιι
685 2107 907 2193 venatione
927 2107 1385 2222 ferarumetprscrum,
1402 2140 1482 2194 neo
1504 2121 1653 2195 nonet
1675 2139 1837 2222 pascua
1860 2110 1982 2196 Scul-

332 2231 446 2310 tetus
464 2229 758 2336 praenominat
758 2255 809 2312 us
830 2239 874 2312 et
891 2257 959 2314 sur
946 2230 1092 2340 legit·
1083 2230 1177 2312 imi·-
1189 2256 1461 2314 successeras
1489 2229 1621 2316 libere
1642 2229 1864 2324 habebunt
1886 2257 1982 2340 per·

328 2345 467 2454 patuis
488 2348 760 2456 temporibus,
790 2346 903 2431 iulra
939 2350 1148 2460 granieies
1184 2361 1227 2431 et
1260 2357 1397 2434 metas
1431 2349 1742 2458 praedictarum
1776 2347 1982 2452 villarum,

330 2489 523 2548 exercere
543 2467 721 2574 pacifice
745 2477 787 2551 et
808 2470 961 2580 quiete.
995 2465 1214 2552 Scultetus
1232 2495 1332 2551 vero
1354 2477 1398 2548 et
1419 2471 1483 2551 sui
1504 2470 1661 2578 posteri
1688 2469 1831 2551 villani
1854 2475 1896 2550 et
1916 2468 1980 2550 in-

332 2581 448 2664 colae
484 2584 641 2668 ibidem
664 2597 982 2690 commorantes,
1012 2589 1055 2668 in
1075 2587 1225 2671 iisdem
1266 2587 1394 2694 sylvis
1429 2587 1617 2672 villarum
1654 2613 1833 2698 pascua·
1850 2585 1986 2670 libera

330 2699 552 2786 habebunt
573 2707 798 2812 aeviterne3
831 2707 957 2789 etiam
981 2704 1196 2790 Scultatus
1215 2703 1431 2815 praefatus
1454 2719 1496 2788 et
1515 2708 1581 2788 sui
1607 2731 1875 2792 successores
1897 2705 1989 2790 nul-
2054 2773 2058 2784 ,

332 2821 541 2928 tibiales,
564 2827 600 2909 si
621 2827 759 2909 coacti
780 2824 935 2908 tuerint
956 2825 1010 2907 ad
1032 2827 1310 2928 serviendum,
1332 2825 1489 2911 servire
1511 2825 1680 2921 debant,
1705 2827 1912 2912 duntaxat
1932 2826 1988 2909 ad

335 2945 644 3053 expeditionem
664 2945 763 3029 belli
790 2946 1041 3056 generalem,
1063 2955 1106 3028 et
1127 2973 1266 3058 neque
1298 2945 1481 3053 cuipiam
1503 2943 1718 3028 hominum
1754 2939 1985 3056 respondess

334 3061 443 3147 bunt
484 3065 536 3146 de
575 3093 622 3148 se
663 3064 1006 3176 querulantibus,
1042 3065 1332 3148 tantummodo
1372 3065 1559 3173 ipsorum
1587 3065 1686 3174 jure
1721 3062 1988 3152 Theutonico

336 3181 700 3296 Magdeburgensi
719 3184 937 3292 injudicio
962 3183 1246 3268 Scultetorum
1268 3183 1421 3268 Ouriae
1445 3181 1742 3290 Sandocensis;
1775 3194 1992 3271 ometones

292 3295 298 3304 ’
336 3311 479 3385 autem
500 3312 543 3384 et
563 3316 710 3386 omnes
727 3303 1034 3389 inhabitatores
1057 3306 1246 3388 villarum
1286 3305 1597 3414 praedictarum
1633 3303 1779 3387 nullibi
1808 3304 1992 3413 judicari

337 3420 532 3526 debeant,
563 3423 642 3502 nisi
677 3424 719 3504 in
739 3423 926 3532 ipsorum
963 3421 1281 3528 hereditatibus,
1318 3451 1463 3508 coram
1500 3421 1648 3506 eodem
1686 3421 1879 3508 Sculteto
1914 3447 1989 3536 pro

334 3539 525 3650 temporo
547 3541 754 3644 existenti,
774 3549 817 3624 et
836 3542 917 3624 hoc
940 3569 1025 3626 non
1047 3543 1127 3626 alio
1141 3543 1236 3652 jure
1256 3545 1336 3626 nisi
1357 3538 1719 3654 Magdeburgensi
1742 3542 1794 3623 de
1816 3567 1863 3623 sa
1885 3563 1991 3650 que·

334 3659 569 3743 rulantibus
590 3659 917 3772 respondebunt.
950 3659 1129 3770 Insuper
1152 3670 1370 3745 emetones
1404 3663 1611 3743 dictarum
1640 3661 1826 3745 villarum
1848 3685 1993 3746 eorum

339 3777 532 3864 Sculteto
552 3779 734 3890 lapidem
755 3780 967 3882 molarem,
1000 3781 1174 3892 quando
1209 3777 1335 3862 luerit
1356 3789 1652 3889 opportunum,
1688 3779 1902 3862 adducere
1938 3781 1993 3864 ad

338 3899 633 4003 molendinum,
654 3901 767 4008 ripas
788 3900 1014 3984 molendini
1047 3910 1090 3983 et
1109 3899 1280 3998 fossalia
1301 3925 1459 4013 augere
1502 3907 1543 3980 et
1576 3897 1802 3982 reformare
1825 3897 1994 4002 debent,

338 4029 382 4102 ct
403 4029 524 4102 erunt
544 4019 749 4126 adstricti3
774 4020 899 4102 etiam
922 4029 1139 4104 cmetones
1158 4020 1200 4100 in
1224 4046 1380 4104 eorumx
1404 4017 1602 4130 graniciis
1639 4021 1831 4129 gramina
1862 4015 1994 4101 falca-

339 4145 471 4220 strara
492 4167 620 4221 unum
643 4139 753 4221 diem
775 4140 895 4222 annis
916 4139 1092 4252 singulis
1115 4147 1214 4221 sunt
1235 4149 1279 4220 et
1299 4147 1422 4221 erunt
1452 4136 1654 4242 adstricti,
1684 4146 1728 4220 et
1749 4135 1928 4247 quilibet
1944 4135 2002 4248 il·¹
2110 4129 2112 4138 ’

335 4255 468 4341 lorum
490 4283 566 4365 per
581 4253 716 4358 unum
734 4257 967 4396 plaustrum
988 4259 1195 4369 lignorum
1217 4285 1293 4368 pro
1311 4257 1421 4340 'festo
1436 4257 1683 4341 Natiuitatis
1700 4257 1857 4342 Ohristi
1874 4267 1996 4340 erunt

339 4374 515 4484 obligati
538 4376 749 4459 adducere
770 4405 846 4486 pro
869 4378 985 4461 curia
1005 4407 1100 4462 mea
1121 4403 1396 4488 meorumque
1425 4401 1719 4460 successorum
1755 4398 1867 4460 nunc
1888 4377 1962 4458 et
1950 4401 1994 4460 m

338 4521 504 4578 aevum.
536 4493 717 4579 Exime
706 4521 877 4604 insuper
897 4506 941 4578 et
962 4499 1123 4608 excipio
1156 4495 1322 4580 Scultet
1260 4505 1393 4578 ttum
1429 4493 1594 4604 praefat
1596 4523 1665 4576 um
1703 4504 1746 4576 et
1777 4502 1992 4579 emetones

337 4613 528 4700 villarum
550 4614 606 4698 ab
628 4613 820 4698 omnibus
843 4615 1187 4724 augurationibus
1209 4623 1253 4696 et
1272 4611 1563 4717 solutionibus,
1586 4639 1730 4724 quaeJ
1710 4611 1792 4725 jus
1805 4601 2021 4744 Theuto·

443 4795 487 4878 (⁴)
509 4797 574 4863 Par
575 4795 688 4862 ochiae
704 4797 775 4863 Kru
777 4797 848 4864 reolo
822 4823 869 4864 wa
884 4797 999 4897 dictae,
1015 4807 1081 4863 tres
1096 4795 1195 4862 hillae
1212 4795 1330 4861 adnum
1334 4805 1476 4862 arantur:
1491 4794 1654 4864 Krozlowa
1670 4808 1796 4885 wyrste,
1827 4797 1986 4866 Krazlowa

337 4887 443 4950 uitare
458 4893 491 4946 et
507 4883 626 4949 saraa
629 4893 681 4960 tea,
696 4881 778 4951 sitas
794 4893 869 4950 suut
883 4881 916 4948 in
932 4883 1067 4969 regiona
1082 4881 1274 4950 saudeeensi
1289 4884 1413 4964 (1676)

445 4985 582 5030 tonum
1749 4985 1789 5052 56
