4930 5922
1087 675 1141 694 -··
1189 639 1265 712 12ss
1297 655 1368 696 ¹-

395 833 655 943 inposterum
687 823 939 922 exhibenda.
961 835 1159 920 uniuersa
1182 849 1225 922 et
1244 836 1426 950 singula.
1450 867 1535 948 que
1572 841 1774 928 euobis
1758 861 1805 928 r'n
1825 847 1959 954 primo
1980 848 2060 932 hn-

393 951 487 1036 buit
509 965 637 1063 atque
657 961 722 1034 ret
705 952 811 1032 tinet
829 950 1067 1062 priuilegia.
1089 957 1196 1038 serie
1216 957 1424 1066 presentis
1453 957 1640 1094 scripti
1629 986 1895 1046 mnouemus
1925 967 2059 1050 ratifi-

390 1098 554 1159 camus.
589 1077 631 1150 et
650 1069 917 1152 nihilominus
953 1070 1213 1156 roboramus,
1267 1073 1524 1158 Sculteeiam
1553 1075 1683 1185 igitur
1712 1061 1947 1214 predictam
1977 1083 2059 1166 sibi

392 1190 521 1274 tradit
504 1199 590 1270 tam
614 1197 657 1270 et
675 1186 952 1294 resignatam.
974 1188 1158 1274 locatam
1178 1192 1362 1274 totaliter
1384 1201 1428 1274 et
1449 1192 1729 1301 dispositam
1718 1223 1762 1276 m
1782 1199 1979 1282 omnibus
2002 1201 2059 1286 ad

391 1310 588 1393 instetur
608 1302 921 1388 similitudinem
944 1306 1128 1390 ciuitatis
1149 1307 1474 1406 noniforensis,
1462 1337 1554 1390 une
1572 1309 1827 1400 hereditario
1850 1343 1948 1398 eum
1968 1321 2055 1402 suis

364 1425 610 1562 ¹legittimis
631 1421 948 1506 successoribus
979 1424 1274 1532 inperpetuum
1295 1426 1544 1534 possidebit.
1516 1427 1660 1510 tDe
1681 1431 1838 1512 mansis
1861 1433 2057 1520 omnbus

287 1571 290 1582 ¹
387 1571 466 1654 qur
454 1535 614 1627 locati
643 1537 803 1624 fuerint
822 1546 866 1620 et
883 1543 1054 1624 locandi
1084 1570 1250 1650 semper
1282 1552 1449 1628 sextum
1480 1571 1674 1630 mansum
1705 1545 1893 1631 hebebit.
1864 1551 2023 1632 taut
2010 1581 2053 1636 ιιι

390 1689 522 1746 censu
543 1667 705 1748 sextam
728 1682 913 1738 marcam
934 1659 1063 1742 tollet.
1034 1669 1129 1740 tet
1150 1662 1201 1742 de
1222 1662 1377 1746 iudicio
1408 1661 1584 1744 tercium
1609 1662 1827 1766 denarium
1846 1691 1922 1774 pro
1939 1695 1987 1748 se
2011 1679 2055 1754 et

389 1783 476 1864 suis
496 1777 715 1914 legittimis
736 1775 1052 1861 successoribus
1074 1780 1208 1860 eciam
1229 1778 1359 1861 libere
1379 1776 1590 1862 retinebit.
1624 1779 1753 1866 Ciues
1773 1809 1874 1866 uero
1890 1782 2053 1891 prefate

389 1897 549 1982 ciuitat
541 1923 573 1976 rs
521 1896 650 1978 tde
670 1891 866 2008 quelibet
893 1920 1040 1979 manso
1078 1897 1278 1979 censuali.
1316 1923 1393 1978 sex
1428 1905 1570 1980 scotos
1606 1898 1775 1984 usualis.
1809 1903 2021 2010 argenti.
2010 1931 2053 1986 ιιι

388 2013 498 2099 festo
530 2021 653 2094 sanc
654 2042 666 2094 1
696 2019 806 2094 niort
808 2009 862 2090 ini
893 2011 1069 2120 singulis
1092 2015 1212 2096 annis
1234 2014 1399 2097 soluere
1430 2014 1699 2100 tenebuntur.
1723 2025 1766 2098 et
1786 2017 1860 2124 qui
1880 2045 2052 2104 mansos

387 2160 473 2216 non
493 2129 728 2212 habuerint.
700 2129 805 2210 tde
827 2127 1018 2236 qualibet
1048 2159 1149 2214 area
1179 2160 1308 2214 vnum
1330 2140 1424 2214 scot
1424 2159 1496 2212 um
1517 2131 1672 2214 venalis
1695 2142 1839 2216 monet
1841 2162 1864 2213 e
1886 2136 2052 2220 soluere

387 2253 471 2336 sint
490 2249 662 2331 astricti.
694 2243 944 2332 Addicimus
966 2275 1066 2330 vero
1089 2250 1205 2357 quod
1226 2249 1364 2334 incole
1385 2249 1567 2330 ciuitatis
1583 2258 1726 2334 nostre
1736 2245 2052 2358 predicteBre·

323 2363 331 2372 ’
387 2363 762 2473 snr'cr'eeapellano
799 2372 942 2448 nostro
978 2363 1136 2448 ibidem
1158 2393 1233 2474 pro
1254 2362 1496 2454 missalibus
1535 2367 1713 2450 annonis
1746 2368 1853 2456 duas
1883 2394 2049 2454 mareas

385 2484 543 2592 usualis
564 2481 733 2592 argenti
754 2479 946 2588 quolibet
966 2509 1077 2566 anno
1099 2483 1262 2568 soluere
1282 2491 1518 2566 teneantur.
1551 2483 1729 2590 Insuper
1750 2485 1856 2568 duos
1877 2512 2049 2570 mansos

385 2606 488 2686 sitos
519 2581 631 2683 inter
656 2624 810 2682 nouam
841 2597 1091 2682 Bremioiorn
1112 2611 1155 2684 et
1174 2603 1392 2686 ciuitatem
1413 2601 1701 2718 supradictam
1722 2602 1929 2686 scultetus
1951 2631 2050 2688 cum
2181 2629 2184 2637 ·

384 2722 486 2804 suis
484 2718 670 2856 posteris
691 2717 780 2800 iure
802 2716 1055 2801 hereditario
1093 2728 1223 2829 atque
1244 2720 1372 2802 libere
1393 2709 1606 2802 retinebit.
1630 2720 1742 2836 omni
1764 2723 1985 2805 exactione
2008 2730 2051 2802 et

384 2839 561 2920 seruicio
578 2829 962 2946 proculmoto(sio).
979 2833 1038 2918 Et
1021 2835 1282 2946 tdereliquis
1299 2839 1458 2920 mansis
1475 2839 1585 2920 sicut
1596 2837 1787 2944 superius
1802 2864 2048 2945 expressum

387 2964 467 3038 est.
487 2956 690 3038 scultetus
726 2952 965 3038 antedictus
988 2981 1085 3036 eum
1106 2957 1192 3036 suis
1214 2953 1533 3040 successoribus
1569 2955 1929 3058 recipiatsexmm
1949 2979 2047 3060 par-

383 3082 481 3158 tem.
504 3071 766 3155 Kmethones
788 3094 889 3154 vero
911 3071 994 3152 iam
1017 3073 1129 3156 dicte
1148 3072 1243 3155 ville
1266 3072 1474 3156 Brennicr'e
1494 3099 1604 3156 noue
1624 3071 1675 3156 de
1692 3069 1884 3180 quolibet
1898 3098 2047 3156 manso
2170 3123 2174 3132 ·

383 3192 565 3276 mediam
586 3212 774 3273 marcam
796 3189 961 3294 argenti
980 3192 1136 3272 venalis
1158 3189 1324 3272 dabunt
1340 3189 1392 3270 de
1408 3217 1539 3274 censu
1553 3187 1597 3269 in
1611 3189 1790 3271 termino
1805 3197 2042 3294 prenotato.

321 3403 323 3408 ,
383 3307 442 3394 Ει
425 3309 535 3420 tqui
556 3331 682 3418 agros
704 3331 788 3388 non
808 3303 1035 3388 habuerint
1017 3315 1184 3390 tvnum
1205 3317 1298 3390 scot
1300 3315 1369 3390 uin
1401 3307 1569 3415 argenti
1598 3305 1757 3388 vsuslis
1778 3305 1831 3388 de
1852 3306 2077 3428 qualibet·

254 3488 261 3502 .
302 3463 310 3479 ·
384 3453 487 3563 area
504 3425 758 3561 persoluent.
729 3421 935 3506 tlnoole
955 3451 1072 3508 vero·
1065 3435 1160 3508 tam
1177 3426 1354 3534 antique
1371 3451 1502 3534 quam
1517 3403 1849 3508 noueBresnioie
1863 3435 2046 3534 quatuor

382 3531 557 3652 ca'peeia
594 3567 769 3625 cuorum
806 3565 902 3622 eum
939 3551 1119 3650 quatuor
1155 3543 1319 3626 hedulis
1342 3553 1503 3624 etcum
1537 3551 1598 3626 vit
1567 3541 1667 3624 tulo
1699 3543 1895 3660 saginato
1928 3543 2043 3626 omni

381 3671 571 3768 tempore
593 3658 785 3767 paschali
804 3666 901 3740 nost
902 3683 946 3739 ro
970 3661 1197 3744 conuentui
1232 3659 1552 3770 presentabant
1605 3657 1678 3762 Hij
1681 3683 1701 3738 s
1722 3683 1822 3740 vero
1842 3667 1937 3768 pret
1919 3659 2044 3740 tactis

381 3777 503 3862 nobis
523 3777 758 3884 persolutis.
794 3777 910 3884 ipsos
930 3775 1084 3861 liberos
1107 3788 1151 3860 et
1171 3777 1329 3861 solutos
1353 3776 1408 3860 ab
1431 3804 1545 3860 emm
1532 3771 1645 3856 alio
1669 3771 1847 3859 seruicio
1870 3774 2042 3854 dimitti·

381 3923 488 3980 mus.
512 3903 555 3974 et
574 3903 763 3992 vectura.
796 3905 839 3978 et
860 3897 1049 4002 angaria.
1083 3905 1127 3980 et
1156 3894 1347 4004 qualibet
1375 3894 1538 3976 iniuria.
1571 3899 1844 3998 quocumque
1872 3893 2046 3974 nomine

381 4021 645 4096 censeantur.
668 4011 963 4094 Permittentes
980 4014 1122 4123 'eciam
1144 4012 1259 4122 quod
1280 4012 1393 4095 idem
1413 4009 1444 4094 d
1447 4009 1635 4092 ohannes
1657 4006 1861 4089 scultetus
1882 4007 2043 4092 molen-

381 4129 525 4210 dinum
547 4157 644 4209 cum
666 4127 833 4210 duabus
853 4129 955 4211 rotis
975 4131 1018 4210 in
1040 4131 1138 4212 villa
1158 4130 1451 4238 prenominata
1483 4131 1701 4207 construet
1731 4124 1848 4232 quod
1870 4125 2042 4235 quidem

378 4246 663 4331 molendinum
685 4245 929 4353 procurabit
948 4246 1078 4344 libere
1098 4245 1281 4356 virgulto
1305 4253 1349 4325 et
1369 4245 1541 4326 harena.
1574 4241 1935 4354 quociescumque
1966 4271 2042 4326 ne·

380 4391 498 4447 cesse
519 4363 644 4446 fuerit
663 4389 790 4471 super
811 4361 1049 4449 clausuram
1070 4363 1257 4448 eiusdem
1284 4360 1512 4444 molendini
1533 4367 1576 4439 et
1594 4359 1772 4466 piscine.
1795 4367 1838 4442 et
1859 4356 2042 4468 accipiet

316 4517 320 4524 ·
381 4481 520 4564 omnia
540 4483 780 4563 necessaria
801 4481 989 4564 eiusdem
1010 4481 1248 4562 molendini.
1272 4488 1315 4560 et
1335 4479 1470 4560 eciam
1491 4473 1723 4584 supradicti
1741 4476 1969 4559 molendini
1996 4480 2040 4560 in

379 4597 502 4683 bonis
522 4589 675 4681 nostris
697 4600 888 4708 superius
909 4599 1148 4682 nominatis.
1199 4594 1399 4678 Preterea
1418 4593 1587 4678 nullum
1622 4593 1906 4678 molendinum
1927 4593 2040 4676 aliud

381 4723 529 4801 contra
562 4715 799 4822 predictum
834 4711 1120 4802 molendinum
1162 4713 1319 4798 anullo
1356 4713 1522 4823 penitus
1546 4714 1821 4816 constmetur.
1875 4708 2039 4794 Taber-
