4822 5924
1014 679 1288 766 *trs-

333 895 563 980 dicta'villa
581 879 726 977 Rosci
744 895 789 977 in
810 881 896 978 suis
918 893 1064 998 metis,¹
1091 885 1347 1004 ¹granityset
1367 890 1566 976 limitibus
1590 893 1981 982 'circumferenciali-

331 1003 397 1099 ter
417 1026 482 1098 est
502 1015 706 1098 distincta
725 997 772 1097 et'
786 1013 963 1096 limitata
986 1022 1143 1096 etcum
1174 1014 1302 1124 pleno
1317 1033 1319 1041 ¹
1335 1011 1438 1116 dure
1470 1022 1513 1094 et
1541 1011 1662 1095 totali
1693 1012 1888 1100 Dominio
1920 1021 1977 1102 ad

331 1143 522 1246 tempora
551 1119 665 1217 vitae
694 1121 1063 1235 suaetenendam,
1099 1117 1373 1237 habendam,‘
1394 1130 1682 1214 utifruendam
1703 1140 1744 1213 et
1762 1136 1982 1240 possiden-

333 1244 466 1336 derna¹
494 1241 719 1338 Praeterea
753 1253 910 1363 viginti·
948 1251 1137 1359 quinque
1158 1279 1323 1334 marcas
1345 1277 1585 1362 grossorum
1606 1251 1881 1361 Pragensium
1904 1284 1983 1337 nu-

331 1363 434 1458 meri
452 1371 719 1479 Polonicalis‚
757 1397 864 1480 quas
885 1368 1153 1480 saepedictus
1174 1371 1380 1455 Dominus
1400 1370 1599 1454 Nicolaus
1622 1371 1676 1452 ad
1695 1370 1981 1458 redimendam

331 1476 610 1600 praelibatam
640 1490 779 1574 villam
809 1489 953 1573 Radno
985 1489 1166 1572 dedit'et
1186 1492 1396 1575 concessit
1416 1488 1556 1593 nobis,
1579 1491 1647 1571 cui
1667 1491 1757 1599 ipse
1777 1489 1982 1576 Nicolaus
2031 1559 2042 1592 „

330 1620 625 1720 postmortem
646 1633 764 1693 suam
784 1611 899 1724 ipsas
921 1608 1127 1718 legaverit
1147 1618 1189 1691 et
1210 1610 1445 1711 donaverit,
1475 1609 1585 1690 idem
1620 1609 1874 1691 antedictam
1906 1613 1984 1694 vil-

332 1731 416 1812 lam
435 1729 589 1812 Rudno·
602 1729 751 1814 eodem
772 1727 878 1812 dure
898 1727 1094 1832 habebit,
1134 1729 1297 1813 tenebit
1318 1740 1360 1811 et
1380 1727 1614 1838 possidebit
1644 1729 1805 1810 tamdiu
1827 1753 1984 1836 quous-

299 1895 302 1900 *
334 1840 418 1960 que
440 1849 577 1932 eidem
608 1846 775 1932 anobis
788 1866 792 1881 ¹
806 1847 1024 1956 praefatae
1044 1849 1200 1959 viginti
1222 1850 1408 1958 quinque
1429 1873 1599 1928 marcae
1620 1874 1861 1957 grossorum
1881 1847 1984 1931 Pra-

334 1964 719 2078 gensium·f11erint
753 1966 997 2076 persolutae
1017 1967 1295 2078 integraliter
1317 1977 1359 2047 et
1380 1965 1628 2074 completae.
1690 1965 1740 2048 ln
1776 1967 1894 2048 cuius
1925 1973 1985 2052 rei

333 2087 617 2171 testimonium
639 2096 682 2168 et
700 2085 827 2168 fidem
857 2084 1080 2170 firmiorem
1115 2093 1378 2196 praesentem
1418 2085 1598 2200 litteram
1636 2083 1878 2196 Sigillorum
1909 2115 1985 2171 no-

321 2214 515 2290 strorum
547 2207 801 2316 appensione
832 2201 1008 2285 fecimus
1038 2204 1237 2320 roborari.
1299 2205 1414 2288 Data
1451 2215 1493 2287 et
1528 2213 1626 2286 acta
1667 2210 1767 2285 sunt
1800 2201 1907 2284 haec
1943 2206 1985 2287 in

334 2311 548 2434 Tyncia'in
571 2327 638 2406 die
661 2322 1021 2409 Oircumcissionis
1057 2324 1246 2427 Domini,
1277 2324 1356 2407 sub
1388 2323 1511 2408 Anno
1532 2323 1776 2408 Natiuitatis
1798 2323 1985 2406 eiusdem

333 2441 389 2526 M.
409 2441 536 2528 000.
552 2443 733 2528 LXXX.
750 2443 784 2526 I.
845 2441 1144 2526 Praesentibus
1165 2443 1389 2528 Nobilibus
1411 2441 1520 2525 Viris
1541 2441 1744 2527 Dominis:
1776 2439 1985 2525 Michaele

335 2560 388 2644 de
410 2559 648 2665 Fallcoroice,
670 2561 947 2671 Borzywogio
971 2561 1022 2642 de
1043 2561 1241 2674 Loputno,
1276 2549 1527 2647 Suentoslao
1550 2561 1602 2642 de
1622 2559 1793 2654 Karna,
1826 2557 1987 2645 Frene-

227 2773 230 2778 ,
334 2677 444 2763 kone
465 2681 520 2762 de
539 2681 786 2790 Rreszotarp,
809 2679 996 2764 Sinkone
1019 2680 1071 2763 de
1091 2682 1325 2792 Nemerzpce
1355 2680 1621 2784 haeredibus,
1657 2679 1849 2766 Pascone
1872 2680 1984 2765 dicto

336 2797 486 2882 Stellae
506 2797 708 2884 Testibus
730 2801 786 2883 ad
804 2800 1037 2910 praemissa
1055 2802 1232 2886 'vocatis
1254 2809 1297 2883 et
1317 2800 1407 2910 alys
1428 2799 1525 2882 viris
1548 2827 1676 2910 quam
1705 2798 1878 2908 pluribis
1899 2799 1985 2881 fide

337 2917 487 3030 dignis.
546 2939 549 2947 ’
1308 2955 1311 2968 ·
1939 2945 1941 2952 ’

1065 3345 1260 3460 ctxlv.
1288 3403 1303 3430 ι

598 3597 908 3687 maeoniae
918 3638 963 3656 -
974 3597 1051 3684 26
1068 3601 1390 3722 Decembris
1405 3599 1545 3686 1³81
1564 3619 1728 3684 anno.

370 3815 655 3892 Ludovlcus
672 3820 840 3912 limgrdte
855 3822 888 3917 ct
902 3819 1043 3893 idomas
1057 3836 1113 3892 rer
1127 3818 1213 3893 ruric
1227 3819 1384 3911 privilegis
1398 3817 1485 3897 nm
1498 3822 1532 3894 et
1545 3757 1755 3894 nmonlu
1774 3821 1952 3896 mmcd

936 3921 1173 4018 senonensis,
1195 3921 1313 3995 reden
1336 3925 1412 4010 vl„

301 4124 305 4134 “
439 4131 491 4215 In
510 4133 675 4216 nomine
698 4131 853 4217 domini
873 4156 1017 4233 amen,
1050 4127 1267 4217 Gloriosus
1298 4129 1416 4215 Deus
1437 4131 1479 4214 in
1500 4133 1658 4216 sanctis
1680 4133 1779 4218 suis.
1802 4142 1845 4216 et
1863 4134 1987 4216 mira-

337 4249 435 4332 bilis
455 4252 499 4331 in
518 4261 778 4362 magestate,
797 4247 893 4334 Etsi
913 4257 1092 4334 cunctos
1114 4277 1212 4335 suos
1233 4251 1443 4336 ministros
1478 4253 1744 4365 magnificet,
1781 4253 1875 4334 altis
1913 4251 1987 4337 de·

339 4377 458 4452 corat
477 4367 717 4454 honoribus.
735 4379 779 4451 et
794 4369 960 4452 celestis
983 4367 1140 4452 efficiat
1158 4369 1411 4455 beatudinis:
1433 4395 1711 4481 possessores.
1732 4369 1821 4454 illos
1842 4380 1986 4456 tamen

361 4667 364 4674 .
397 4633 400 4640 ·
441 4601 484 4684 (¹)
504 4599 557 4667 Er
574 4600 686 4666 tabula
700 4601 887 4668 authentica
900 4623 1100 4689 pergamena
1113 4601 1303 4668 monasterii
1318 4602 1554 4752 Stanilptcensis
1575 4603 1710 4690 propria
1723 4601 1830 4696 deseri
1854 4604 1897 4671 sit
1912 4605 1989 4674 Sla-¹

339 4680 465 4754 ivirislri.
487 4685 636 4775 Sigillum
650 4689 763 4774 majus3
779 4687 860 4752 bene
876 4697 1089 4770 asservatum,
1119 4687 1363 4772 majestaticum.
1430 4686 1549 4752 uniculi
1564 4688 1660 4753 serici
1675 4688 1765 4753 rubri
1780 4628 1909 4757 milax-ia
1931 4691 1986 4758 'In

341 4771 449 4859 sigillo
466 4791 523 4842 rex
539 4769 719 4837 diademate·
751 4771 924 4858 insignitus
938 4773 972 4837 in
989 4771 1071 4838 solio
1101 4772 1228 4848 sedens
1247 4771 1364 4837 dextra
1391 4788 1487 4836 manu
1503 4781 1666 4858 sceptrum
1688 4781 1786 4852 tenet,
1802 4797 1858 4842 seu
1873 4777 1984 4876 potius

340 4857 467 4926 hastam
491 4857 631 4944 longam:
657 4864 822 4943 sceptrum
836 4855 902 4924 lroc
918 4879 991 4926 cum
1008 4855 1113 4924 tribus
1129 4866 1180 4924 cst
1194 4856 1357 4936 dentibus,
1384 4877 1521 4942 quorum
1546 4857 1670 4926 medius
1696 4869 1815 4939 rectus,
1835 4861 1890 4927 altr
1904 4885 1985 4931 vero
