4844 5936
877 1110 879 1114 ’
1013 1144 1283 1264 contu.

313 1333 317 1342 Ι
427 1399 495 1490 l'rr
524 1403 698 1491 volvo
724 1407 963 1488 monte-
981 1403 1073 1488 dte
1098 1403 1138 1489 8
1163 1401 1498 1505 sentement·
1523 1403 1673 1492 1494
1695 1419 1864 1493 'arem

314 1627 542 1702 loannes
563 1626 800 1704 albertus
814 1641 878 1712 rex,
896 1624 1054 1716 purtem
1068 1623 1214 1698 nodari
1227 1623 1338 1716 part
1358 1625 1391 1696 rt
1405 1624 1502 1714 penu
1517 1625 1656 1699 tarinln'
1669 1625 1889 1718 tractantis,
1903 1627 1962 1702 lo

610 1729 614 1740 ’
630 1728 765 1802 merie
780 1729 808 1804 t.
823 1721 976 1802 suurn
989 1729 1021 1804 ir
1036 1729 1129 1804 tetre
1142 1727 1241 1800 lente
1256 1743 1409 1814 arrasa.
1424 1727 1584 1802 certmst
1601 1732 1652 1811 (¹).

425 1939 550 2026 1510.
581 1937 633 2024 In
652 1937 821 2023 nomine
843 1935 1000 2022 domini
1021 1965 1155 2020 amen.
1202 1934 1272 2020 Ad
1291 1945 1540 2046 perpetuam
1561 1937 1622 2024 rei
1640 1938 1884 2025 memoriam
1905 1949 1972 2022 ta·

317 2059 442 2143 metsi
460 2056 675 2144 Katholici
695 2057 904 2168 principes
928 2065 970 2140 et
990 2053 1135 2168 Reges
1156 2053 1435 2140 humanarum
1454 2085 1591 2141 rerum
1608 2057 1756 2170 gracia
1774 2057 1971 2144 liberales

319 2177 669 2290 decretorumque
691 2205 766 2290 per
787 2167 1079 2260 antecessores
1101 2201 1200 2260 suos
1220 2174 1401 2262 latorum
1438 2177 1731 2282 obseruatores
1754 2203 1848 2260 esse
1869 2206 1971 2264 con·

318 2302 552 2382 euenerunt
571 2296 702 2382 multo
722 2305 866 2379 tamen
885 2295 1179 2406 propensiores
1203 2322 1295 2380 esse
1317 2293 1475 2380 debent
1495 2297 1551 2379 ad
1571 2297 1616 2380 id
1638 2296 1877 2380 faciendum
1896 2296 1971 2380 ubi

318 2415 473 2500 intuitu
494 2415 645 2498 summi
666 2415 741 2498 dei·
756 2423 831 2500 aut
849 2441 1122 2525 personarum
1155 2416 1199 2498 in
1220 2415 1409 2499 ecclesiis
1447 2415 1526 2501 deo
1561 2415 1642 2528 ipsi
1675 2414 1974 2500 famolancium

321 2535 451 2618 diuini
469 2531 605 2618 cultus
627 2535 813 2646 augendi
835 2527 977 2618 eausa¹
1001 2532 1056 2618 ob
1094 2560 1213 2644 spem
1244 2535 1597 2620 remuneracionis
1635 2543 1778 2618 eterne
1814 2534 1973 2648 aliquid

318 2663 524 2766 perpetuo
548 2654 795 2736 demetarum
814 2653 1115 2738 conceduntur:
1148 2652 1328 2738 Proinde
1363 2681 1441 2740 nos
1465 2653 1761 2765 sigismundus
1784 2653 1853 2736 dei
1875 2683 1975 2766 gra-

319 2773 388 2856 cia
407 2771 500 2856 Rex
520 2770 694 2856 Polonie
710 2771 897 2884 ¹Magnus
920 2773 1005 2856 dux
1025 2771 1252 2856 Lithuanie
1272 2783 1458 2856 necnon
1489 2781 1690 2872 terrarum
1728 2771 1989 2881 Oracoouie„

330 2886 607 2996 Sandomirie,
630 2889 805 2997 Siradie,
825 2889 1038 2996 Laneion,
1061 2891 1249 2996 Ouiauie‚
1271 2889 1438 2996 Russie,
1457 2891 1639 2998 Prussie‚
1661 2921 1712 2976 ae
1729 2889 1978 2999 Culmensis,

320 3007 606 3123 Elbingensis,
625 3012 963 3124 Pomeranieque
1004 3013 1197 3097 dominus
1239 3019 1281 3093 et
1320 3011 1455 3096 heres:
1490 3010 1789 3124 significamus
1830 3021 1978 3099 tenore

302 3129 584 3240 presencium
607 3129 763 3244 quibus
787 3133 957 3244 expedit
991 3130 1210 3236 uniuersis,
1246 3131 1513 3241 presentibus
1550 3141 1594 3214 et
1626 3131 1791 3240 futuris,
1827 3133 1977 3216 harum

426 3347 468 3428 (¹)
485 3347 538 3412 Ex
554 3345 669 3414 eodem
685 3349 771 3415 libro
787 3349 1011 3438 manuscripto
1030 3369 1127 3433 quem
1141 3347 1285 3434 jamsub
1301 3369 1329 3413 a.
1345 3351 1438 3416 1351.
1462 3349 1706 3436 descripsimus.

425 3431 531 3499 Unius
548 3431 678 3518 periodi
688 3435 813 3501 Fontes
827 3433 1057 3522 diplomaticus
1071 3432 1230 3500 historiae
1246 3443 1389 3514 nostrae,
1416 3433 1665 3521 complectentis
1692 3434 1834 3518 quinque
1850 3431 1980 3498 saecula

242 3563 248 3573 ·
322 3515 512 3667 usqueadfia.
524 3519 614 3616 1596.
624 3517 725 3668 primi
734 3519 867 3586 Codicis
881 3518 979 3605 hujus
989 3533 1142 3585 auctores
1154 3516 1401 3596 exhauriendos,
1411 3519 1475 3586 sibi
1486 3529 1744 3607 susceperuntet
1754 3519 1837 3582 hanc
1847 3517 1889 3582 ob
1901 3537 1978 3581 cau·

320 3625 389 3669 sam
406 3622 467 3666 con
493 3611 608 3667 rmatro
1627 3605 1633 3618 '

322 3687 364 3754 ad
373 3684 530 3754 Codicem
537 3697 685 3754 nostrum
697 3713 762 3756 non
775 3691 927 3777 pertinet.
942 3689 1007 3757 Sed
1030 3698 1135 3754 totum
1147 3697 1387 3776 transumptum
1397 3690 1486 3776 regis
1498 3689 1562 3756 hoc
1577 3689 1654 3754 loco
1670 3687 1760 3786 typis
1774 3685 1979 3766 mandamus,

320 3795 396 3840 nam
412 3771 445 3837 in
460 3770 518 3836 ifle
533 3775 711 3860 praecipue
726 3775 819 3842 valor
833 3776 936 3841 totius
952 3771 1080 3841 tabulae
1096 3773 1292 3839 continetur.
1325 3774 1582 3861 Transumptum
1608 3795 1647 3838 ex
1674 3771 1759 3837 lrbro
1778 3793 1875 3838 manu
1892 3773 1977 3840 scri·

321 3869 391 3946 pto,
408 3878 504 3942 quem
518 3861 585 3945 jam
602 3859 663 3926 sub
680 3881 709 3924 a.
727 3863 808 3926 1351
824 3858 932 3926 deseri
958 3857 1233 3937 simus‚Casimiri
1249 3857 1495 3945 Stronczynscii
1511 3857 1658 3944 proprio,
1674 3859 1745 3924 Leo
1761 3856 1978 3942 Rzyszczew·

321 3942 373 4013 ski
403 3943 586 4031 descripsit.
641 3943 897 4032 Transumptum
934 3883 1003 4009 irco
1040 3943 1151 4010 datum
1187 3961 1238 4010 est
1276 3941 1458 4010 Cracoviae
1499 3965 1608 4009 mense
1646 3944 1733 4028 majo
1766 3945 1848 4008 1510
1879 3965 1977 4010 anno.

321 4029 451 4098 Desunt
465 4027 499 4094 in
514 4028 707 4116 apographo
724 4029 972 4117 Stronczynseii
982 4027 1345 4114 hujuseonfirmstionis
1360 4038 1491 4096 tenores
1505 4027 1691 4094 tabularum
1705 4037 1912 4116 transumpto
1927 4029 1977 4094 in·

322 4121 482 4184 tertarum
498 4125 533 4180 et
546 4123 724 4202 propterea
738 4115 901 4182 nescimus
917 4113 1023 4201 plane,
1039 4135 1123 4199 quae
1148 4113 1323 4202 privilegia
1351 4113 1499 4181 Joannes
1528 4113 1687 4180 Albertus
1703 4135 1733 4180 a.
1750 4115 1843 4188 1494,
1859 4113 1978 4178 confir·

322 4205 400 4263 met:
421 4199 563 4265 tortasse
599 4209 710 4266 nostra
735 4202 886 4286 superius
902 4199 992 4349 typis
1006 4201 1167 4268 mandata.
1201 4199 1343 4266 Auctori
1358 4199 1493 4268 Codicis
1506 4198 1794 4286 Stronczynsciani
1811 4217 1894 4294 opus
1911 4221 1978 4264 non

322 4291 403 4357 erat,
421 4295 455 4348 ut
467 4293 603 4350 tenores
620 4283 805 4352 tabularum
820 4287 853 4351 in
869 4309 934 4352 eon
960 4287 1270 4352 mattiones-1510.
1292 4285 1523 4370 iuscriptaium
1548 4296 1722 4371 repeteret,
1753 4281 1879 4362 (habuit
1897 4281 1977 4352 illas

323 4367 357 4434 in
371 4367 457 4434 libro
471 4370 701 4456 manuscripto
713 4369 886 4455 superius),
902 4373 958 4438 sed
969 4370 1053 4438 hane
1063 4373 1105 4439 ob
1117 4393 1247 4438 eausam
1259 4393 1320 4436 nos
1332 4369 1371 4436 de
1383 4370 1439 4436 illa
1449 4391 1484 4434 re
1496 4369 1639 4435 incertos
1652 4365 1805 4433 reddidit.
1817 4364 1979 4433 Joannem

324 4450 509 4531 Albanum,
519 4454 805 4542 omniaprivilegia
816 4455 1106 4542 praedeeessorum
1118 4477 1249 4523 suorum
1257 4458 1329 4556 jam
1343 4456 1482 4541 primum
1493 4452 1748 4528 confirmavisse,
1758 4473 1798 4516 ex
1806 4451 1880 4603 ipso
1889 4463 1980 4518 tran·
2038 4533 2040 4538 Ι

323 4545 454 4627 sumpto
471 4538 672 4624 Sigismnndi
687 4549 786 4628 patet.
830 4541 965 4607 Maximi
995 4541 1093 4606 etiam
1112 4538 1567 4627 momentresttestimoninm
1582 4535 1792 4622 sigismundi,
1840 4557 1978 4602 oannem

323 4623 496 4691 Albertnm
521 4625 658 4711 proprio
679 4648 775 4692 manu
798 4635 943 4694 trunsum
969 4635 1039 4692 tum
1060 4647 1153 4691 suum
1183 4624 1367 4723 scripsisse.
1412 4623 1666 4708 Transumptum
1692 4621 1834 4688 Joannis
1856 4621 1890 4688 in
1913 4619 1978 4688 Co·

323 4707 395 4777 dice
412 4709 711 4796 Stronczynseianc
737 4720 844 4778 totum
859 4735 924 4778 non
945 4651 1113 4790 debemus,
1137 4708 1193 4776 sed
1218 4707 1305 4776 illius
1328 4707 1539 4794 privilegium
1556 4729 1583 4770 a.
1603 4707 1684 4772 1494
1697 4707 1731 4771 in
1746 4717 1856 4773 monte
1872 4705 1976 4774 Calvo

324 4795 365 4864 ab
380 4795 437 4862 illc
459 4795 557 4862 etiam
579 4795 749 4883 scriptum,
771 4795 1015 4864 fundamentum
1045 4793 1301 4863 confirmationis
1330 4789 1531 4879 sigismundi
1565 4791 1677 4871 fuisse,
1708 4790 1795 4858 clare
1826 4793 1977 4867 omnibus

323 4890 473 4968 apparet.

647 3625 705 3670 aec
715 3605 960 3692 privilegiorum
976 3627 995 3668 a
1010 3627 1088 3688 rege
1104 3603 1977 3691 Sigismundoa.1510monasterroconcessa‚proprie
2105 3607 2109 3618 '
2212 3603 2215 3610 '
