4856 5932
1021 747 1068 764 -—
1122 710 1295 784 457·-

1056 1117 1289 1244 ccxxix.
1722 1257 1726 1265 ⁴

559 1307 561 1312 ’
634 1339 1107 1428 masmae-cre
1131 1345 1171 1430 4
1195 1338 1343 1426 sarrs
1364 1339 1510 1440 uss
1537 1357 1703 1424 anno.
1741 1333 1784 1412 '·

334 1530 611 1608 casimirus
632 1527 985 1617 Jugallonldes
1006 1546 1070 1616 ux,
1091 1527 1198 1602 sinon
1219 1529 1344 1618 lapsit-
1358 1525 1450 1599 nobili
1471 1524 1590 1599 tudun
1609 1543 1664 1617 uro
1680 1527 1799 1602 uentis
1819 1531 1989 1606 rutubus
2142 1621 2144 1624 ¹

776 1631 862 1708 Penii
883 1631 1101 1724 innovati
1121 1629 1314 1706 cuiusuisu
1334 1629 1486 1736 permittit
1502 1631 1552 1711 u·

434 1811 673 1896 Kazimirus
696 1809 903 1920 deigratia
923 1807 1016 1893 Rex
1035 1805 1208 1893 Polouie
1246 1807 1431 1918 Magnus
1468 1804 1567 1889 Dux
1586 1803 1814 1918 Lithusuia
1835 1807 1990 1896 Russie

331 1931 586 2042 Prussieque
600 1937 667 2012 etc
682 1927 874 2012 dominus
888 1928 1062 2012 etheres
1074 1924 1529 2040 significamustenore
1545 1927 1812 2034 presencium
1833 1930 1989 2040 quihus

332 2052 504 2162 expedit
515 2047 721 2133 universis
734 2043 958 2148 Quomodo
968 2046 1235 2131 attendentes
1246 2051 1373 2164 grata
1383 2041 1609 2152 fideliaque
1621 2047 1783 2131 seruisa
1795 2047 1892 2163 (sic)
1903 2049 1991 2135 No-

333 2169 426 2252 bilis
443 2169 473 2254 J
476 2169 651 2254 ohannis
667 2163 949 2276 Doschowslcij
980 2165 1213 2278 Terrigeue
1229 2164 1361 2249 nostri
1374 2161 1511 2245 fidelis
1530 2163 1674 2248 dilecti
1689 2192 1766 2274 per
1786 2193 1882 2250 eum
1903 2169 1991 2252 No·

329 2289 396 2372 bis
415 2287 601 2375 exhibita
621 2286 771 2369 horum
788 2283 843 2367 ob
859 2293 1100 2395 respectum
1115 2286 1398 2397 peticiemque
1416 2279 1514 2398 (sic)
1531 2307 1607 2367 sue
1619 2285 1814 2379 acclinati
1822 2285 1902 2372 sibi
1914 2289 1990 2371 vil-

331 2395 416 2491 lam
432 2417 618 2494 nostram
641 2399 801 2516 Lypnils
821 2403 863 2484 in
885 2415 997 2488 terra
1018 2397 1451 2515 Oswyanczymyensi
1471 2401 1595 2485 sitam
1612 2403 1665 2486 de
1691 2402 1887 2492 manibus
1903 2404 1990 2493 Ge-

331 2525 602 2614 nerosiPauli
615 2519 914 2636 Myschlcowsky
928 2525 1421 2635 prosumispecuniarum
1431 2522 1630 2606 innostra
1640 2523 1737 2608 villa
1751 2525 1861 2608 iuste
1877 2535 1921 2608 et
1931 2528 1990 2611 le-

334 2646 480 2758 gitime
497 2645 792 2756 inscriptorum
801 2639 1091 2757 lltalium(sio)
1102 2642 1313 2758 quodnon
1322 2649 1533 2756 augeatur
1542 2647 1994 2755 summopecuniarum

334 2793 462 2876 super
483 2793 625 2847 sumas
638 2767 718 2876 'per
732 2789 809 2846 nos
825 2762 868 2846 in
884 2763 984 2848 villa
999 2766 1093 2874 ipsa
1114 2764 1223 2846 iuste
1246 2761 1471 2872 inscriptas
1489 2764 1762 2848 exemendam
1775 2770 1992 2850 consensi-

334 2911 426 2968 mus
458 2893 502 2968 et
532 2883 777 2967 admisimus
798 2881 1186 2994 Consentimusque
1206 2881 1466 2965 admittimus
1485 2888 1623 2964 tenere
1644 2885 1922 2994 permittimus
1934 2887 1991 3001 (i)

331 3000 536 3118 mitrar(‘?)
547 3032 623 3116 per
634 3005 772 3114 ipsum
782 3000 971 3088 Johanes
985 3001 1247 3114 Gaschewslsy
1257 3002 1309 3086 de
1319 2993 1418 3086 suas
1427 3027 1694 3087 successores
1705 3005 1842 3090 villam
1851 3009 1992 3116 predi-

333 3131 444 3208 ctam
463 3135 651 3208 nostram
667 3120 839 3232 Lypnyk
856 3150 951 3206 cum
970 3121 1164 3208 omnibus
1182 3121 1372 3232 ejusdem
1387 3115 1648 3234 pertinentijs
1662 3124 1778 3208 alias
1793 3127 1912 3210 iuxta
1926 3139 1990 3211 te·

331 3269 476 3326 norem
514 3251 557 3325 et
577 3241 878 3326 continentiam
905 3241 1136 3354 primarum
1169 3241 1388 3326 literarum
1406 3248 1644 3328 nostrarum
1673 3271 1751 3353 per
1770 3250 1847 3328 nos
1863 3274 1990 3358 super

240 3419 245 3430 .
331 3362 467 3471 ipsam
482 3361 627 3445 villam
641 3363 750 3444 iuste
768 3371 811 3442 et
823 3361 1030 3472 legittime
1048 3362 1259 3445 datiarum
1273 3371 1315 3444 et
1323 3363 1598 3446 comissatum
1608 3364 1838 3448 tenendum
1853 3369 1990 3477 possi-

331 3477 703 3594 dendumpacifice
720 3488 762 3561 et
780 3482 923 3588 quiete
939 3506 1078 3589 usque
1095 3480 1149 3563 ad
1167 3483 1480 3592 exempcionem
1496 3507 1664 3592 paruos
1680 3482 1750 3567 vel
1766 3509 1989 3570 successo-

327 3625 395 3697 res
411 3607 583 3712 nostros
596 3581 848 3682 faciendam.
871 3593 986 3698 Quia
999 3598 1116 3714 facta
1131 3599 1321 3684 eiusdem
1337 3599 1435 3683 ville
1450 3599 1748 3714 posessie(sic)
1769 3597 1825 3684 ad
1840 3629 1918 3686 nos
1944 3614 1986 3686 et

285 3805 287 3810 ,
330 3745 598 3804 successores
610 3727 777 3804 nostros
792 3719 930 3804 remiti
947 3717 1075 3803 debet
1088 3719 1212 3830 pleno
1230 3717 1338 3804 Jure
1351 3719 1502 3804 harum
1525 3717 1680 3830 quibus
1699 3717 1892 3834 Sigillum
1907 3750 1984 3809 uos

328 3845 460 3924 strum
478 3847 544 3922 est
551 3838 870 3950 subappensum
884 3837 1124 3924 testimonio
1140 3837 1374 3922 litterarum
1386 3839 1531 3922 datum
1544 3831 1728 3921 Crocooie
1742 3837 1848 3924 feria
1860 3868 1988 3950 quar-

329 3967 375 4039 ta
386 3955 495 4042 infra
511 3967 688 4045 octauas
704 3955 798 4069 fasij
817 3954 873 4069 (l)
890 3954 1188 4042 Visitatoribus
1207 3955 1304 4076 (sic)
1324 3955 1634 4046 Gloriosissime
1655 3955 1840 4072 Virginis
1856 3960 1985 4046 Maria

327 4075 451 4161 Anno
466 4075 639 4162 Domini
653 4076 873 4186 Millesimo
890 4071 1318 4190 Quadringentesimo
1336 4075 1614 4190 Octogesimo
1630 4079 1822 4190 septimo.

331 4219 528 4312 Oreslaus
558 4224 711 4314 namin
730 4253 792 4338 sp.
1016 4265 1017 4270 κ
1122 4223 1288 4310 Relatio
1309 4219 1570 4310 Venerabilis
1592 4221 1757 4310 Oreslai
1786 4225 1839 4307 de
1863 4219 1984 4308 Coro·

1032 4393 1034 4400 ,
1125 4341 1309 4472 zwyanlcy
1330 4342 1382 4430 R.
1403 4343 1451 4429 P.
1474 4340 1735 4480 Cancellarij.

430 4546 470 4626 (¹)
492 4542 641 4610 fabulae
656 4541 753 4644 hujus
769 4565 809 4610 ex
822 4543 1004 4646 archetypo
1018 4543 1244 4613 Bibliothecae
1259 4542 1488 4610 Ossolinisnsa
1501 4540 1732 4628 Lsopolieusis
1760 4545 1909 4634 proprio,
1925 4547 1978 4612 de-

328 4631 394 4702 scri
416 4639 481 4708 ue,
497 4627 680 4694 invenimus
695 4637 780 4695 mter
792 4627 967 4718 privilegus
982 4629 1176 4716 aprioribus
1190 4626 1384 4696 authoribus
1411 4647 1467 4694 ssu
1491 4627 1603 4712 potius
1630 4625 1813 4696 editoribus
1828 4629 1871 4697 ad
1885 4654 1981 4700 usum

327 4717 377 4786 Co
402 4715 464 4782 reis
478 4712 585 4795 nostri
599 4711 749 4792 collecta,
764 4713 954 4782 mendosum
969 4723 1003 4780 et
1017 4735 1092 4780 oum
1107 4713 1218 4780 multis
1230 4711 1340 4800 verbis
1353 4711 1554 4779 abbreviatis
1575 4711 1800 4800 apographum
1825 4715 1911 4785 hune
1938 4725 1981 4789 ob

325 4823 457 4872 causam
469 4798 509 4866 de
517 4795 755 4866 rectalcctione
764 4797 919 4884 ejusdem,
931 4797 1040 4866 multis
1050 4798 1085 4864 in
1095 4798 1189 4876 locis,
1200 4797 1318 4863 incerti
1330 4795 1786 4882 sumus-Nobilisvero‚cujus
1796 4803 1982 4892 grenapri.

326 4885 482 4976 vilegium
492 4885 558 4951 hoc
569 4881 704 4968 editum,
716 4884 750 4951 iu
761 4883 872 4951 tabula
884 4885 959 4972 ipsa
968 4884 1061 4950 vario
1074 4881 1182 4964 modo,
1197 4881 1232 4948 id
1246 4891 1297 4950 est
1311 4881 1519 4969 Dasslsowshy
1533 4891 1567 4950 et
1579 4879 1980 4975 Gasehewstyappellatur.

428 4987 563 5030 ronanus.
1736 4991 1798 5057 53,
