4856 5932
352 3287 356 3296 '
444 3334 447 3342 .
572 3275 610 3358 (⁷)
633 3277 671 3342 ld
686 3285 745 3354 est,

1144 689 1418 760 -too-

343 991 353 1014 ⁰
460 927 587 1012 quam
608 895 758 980 habuit
786 888 944 974 ibidem
974 888 1016 970 in
1050 888 1302 974 Stroboezow
1323 919 1397 1004 pro
1420 885 1637 976 Ortulania
1656 896 1699 974 in
1720 890 2019 1007 Sczeponocicze
2036 897 2102 1012 (⁰),

390 1120 392 1129 Ι
460 1019 516 1100 ad
557 1044 684 1124 quam
716 1009 977 1096 Ortulaniam
1022 1009 1111 1120 ipse
1143 1007 1346 1093 Nicolaus
1392 1009 1556 1094 addidit
1599 1011 1681 1095 sibi
1726 1009 1912 1124 dohannj
1956 1015 2102 1102 decern

460 1163 620 1219 marcas
652 1161 727 1241 pro
759 1132 908 1214 eadem
939 1137 1051 1237 sorte
1082 1128 1257 1240 predictj
1280 1128 1502 1214 dohannis.
1535 1131 1830 1216 commutando
1852 1144 2005 1219 terram
2026 1167 2104 1246 pro

460 1267 570 1339 terra
601 1281 698 1345 cum
731 1251 843 1336 omni
874 1245 979 1331 Jure
1012 1259 1054 1330 et
1082 1258 1172 1332 toto
1220 1249 1402 1334 dominio
1443 1250 1572 1332 nichil
1609 1252 1854 1363 excipiendo
1893 1239 2019 1364 proiit
2050 1259 2105 1340 ad

457 1377 643 1484 ipsorum
673 1369 787 1454 bona
817 1366 871 1452 ab
905 1367 1078 1476 antiquo
1110 1367 1335 1478 spectabat
1365 1377 1408 1452 et
1436 1369 1678 1480 pertinebat
1715 1371 1772 1454 Et
1811 1375 1896 1458 iam
1927 1375 2029 1486 ipsis
2061 1378 2105 1460 in
2170 1363 2173 1370 ¹

460 1493 609 1577 eadem
660 1491 773 1574 bona
817 1485 998 1571 invicem
1044 1485 1250 1569 dederunt
1291 1485 1657 1574 intromissionem
1678 1520 1755 1601 per
1793 1493 2105 1578 ministerialem

456 1611 590 1698 Boleh
622 1611 674 1692 de
704 1607 807 1694 Jure
839 1607 1028 1688 additum
1058 1605 1115 1688 Et
1146 1607 1303 1690 debent
1331 1635 1377 1692 se
1408 1635 1483 1718 pro
1516 1609 1673 1692 eisdem
1711 1609 1830 1695 bonis
1862 1624 2007 1700 mutuo
2037 1625 2107 1698 tus
2150 1703 2157 1718 ,

462 1735 519 1843 erj
552 1741 594 1812 et
623 1727 882 1812 intercedere
914 1756 939 1810 a
972 1725 1164 1833 qualibet
1194 1753 1374 1837 persona
1403 1731 1521 1810 iuxta
1551 1725 1845 1814 durisformam
1877 1734 2135 1816 secundun.

462 1847 577 1965 quod
598 1847 804 1956 adquam
823 1873 1046 1956 personam
1066 1847 1247 1956 pertinet
1266 1847 1533 1956 prescripcio.

568 1969 691 2052 1510.
722 1967 773 2050 In
805 1967 922 2050 cuius
952 1965 1012 2046 rei
1042 1965 1327 2081 testimonium
1359 1964 1505 2079 Sigilla
1534 1975 1679 2052 nostra
1709 1969 1975 2076 presentibus
2008 1981 2106 2054 sunt

459 2088 730 2197 subappensa
759 2085 874 2168 Data
904 2083 1181 2192 exposioionis
1212 2084 1336 2167 huius
1367 2086 1486 2168 litere
1515 2086 1558 2167 in
1595 2083 1762 2171 Vislr'ezo
1792 2086 1898 2173 feria
1917 2091 2107 2174 secunda

460 2217 558 2321 post
589 2206 841 2289 dominicam
870 2205 1091 2292 Invocauit
1112 2199 1165 2316 (¹)
1196 2205 1387 2313 proxima
1416 2203 1541 2289 Anno
1573 2203 1727 2318 dominj
1749 2205 1964 2294 Millesimo
1986 2211 2109 2320 quin-

465 2326 700 2439 gentesimo
734 2324 895 2410 decimo
923 2323 1187 2432 presentibus
1223 2322 1444 2408 Nobilibus
1484 2323 1615 2409 Paulo
1648 2323 1700 2408 de
1737 2324 2007 2436 Scroworzysz
2033 2327 2123 2438 (⁸),'

463 2444 678 2556 Raphaele
711 2444 762 2526 de
796 2441 1005 2526 Goloeloro
1044 2441 1296 2552 Camerarijs
1331 2443 1509 2529 Nicolao
1540 2443 1593 2526 dc
1612 2443 1759 2528 Parwa
1778 2441 2002 2532 Kozr'rnirzo
2033 2445 2111 2530 Jo-

464 2567 603 2650 hanne
637 2559 877 2672 Grodowslry
916 2560 1114 2646 dohanne
1163 2553 1378 2671 Czanoczky
1418 2563 1475 2647 Et
1517 2563 1609 2672 alijs
1646 2563 1961 2674 quampluribus
1993 2568 2112 2647 testi-

463 2683 545 2768 bus
569 2683 903 2793 eirctpremissa
923 2681 1008 2764 fide
1030 2681 1180 2793 dignis.
1793 2721 1795 2726 ¹
1994 2677 1996 2682 ’

569 2939 610 3018 (⁶)
633 2935 882 3026 Swaepanowier,
924 2933 1005 3000 duae
1042 2930 1189 3018 ejusdem
1218 2932 1356 3000 nominis
1385 2941 1461 3000 sunt
1490 2931 1584 2998 villae
1621 2933 1655 2998 in
1685 2929 1897 3000 cracoviensi
1925 2935 2109 3021 provincia,

465 3021 730 3089 Proszovicensis
760 3029 793 3084 et
821 3017 1075 3088 Miechoviensis
1097 3039 1131 3083 ra
1156 3015 1251 3083 ionis.
1272 3019 1440 3096 Kosmou,
1463 3017 1619 3106 oppidum
1649 3027 1700 3084 est
1728 3018 1762 3084 iu
1778 3017 1988 3086 Radomicnsi
2016 3019 2111 3084 terri÷

466 3107 563 3184 torio,
590 3118 623 3172 et
651 3105 794 3191 ejusdem
815 3105 955 3174 nominis
974 3103 1103 3170 villain
1151 3103 1317 3170 oniecensi
1342 3105 1489 3186 [Koralla
1517 3103 1607 3184 urbs)
1624 3101 1769 3189 regione,
1794 3117 1964 3190 utrumque
1981 3106 2014 3170 in
2031 3103 2113 3173 San·

461 3190 655 3260 domiriensi
671 3191 747 3256 olim
762 3191 942 3341 provincia.

783 3274 812 3338 ie
829 3278 868 3340 18
882 3273 1051 3343 Februarii
1069 3275 1150 3340 1510
1165 3295 1259 3339 anno.
1875 3339 1878 3346 ,

570 3365 607 3443 (31
633 3361 830 3447 Scoraworyt,
845 3361 920 3426 villa
935 3357 1133 3448 parochialis
1149 3358 1378 3428 Stobuicensis
1394 3357 1537 3446 regionis
1545 3358 1579 3426 el
1589 3358 1753 3426 territorii.
1765 3355 1926 3428 Goluclo'w
1941 3357 2017 3425 villa
2033 3360 2116 3430 Sto-

467 3449 629 3518 bnioensis
644 3449 811 3524 territorii,
828 3445 1085 3532 Saydlowiensis
1096 3445 1257 3533 regionis·
1293 3513 1297 3524 ,
