4930 5922
906 677 1367 846 ’“-ιι-Ι

350 915 503 1000 laetare
524 916 700 1016 audeat,
721 917 790 1000 vel
808 924 1089 1025 presumatur
1120 916 1318 1028 Insuper,
1341 919 1393 1000 de
1415 923 1688 1032 prerogativa
1703 923 1882 1032 speciali
1902 923 2014 1010 hanc
2084 993 2090 1004 .

349 1033 495 1149 ipsis
475 1031 667 1118 dedimus
687 976 945 1136 libertatem,
977 1035 1093 1144 quod
1113 1063 1189 1142 per
1208 1037 1360 1118 nullius
1390 1037 1667 1142 condicionis,
1708 1051 1845 1126 status
1881 1052 2012 1156 atque

350 1136 508 1234 ordinis
527 1151 758 1254 hominem,
793 1153 958 1260 possint
977 1152 1033 1234 ad
1054 1155 1187 1236 nostri
1207 1155 1472 1260 presenciam
1494 1166 1610 1238 extra
1630 1159 1891 1264 provinciam
1912 1185 2025 1248 evo·-¹

350 1267 457 1374 carJ',
478 1265 547 1352 vel
566 1266 704 1375 cittJar
716 1271 941 1372 Jmaxime
979 1269 1095 1376 quod
1116 1269 1307 1353 homines
1330 1281 1429 1354 sunt
1449 1273 1659 1382 simplices
1682 1276 1756 1358 et
1744 1303 1787 1356 ιιι
1808 1275 1913 1360 dure
1934 1306 2013 1364 no·

348 1382 494 1472 bilium
515 1295 736 1496 noqueunb
752 1386 1016 1493 conversarj,
1053 1386 1319 1494 agriculturis
1343 1398 1386 1470 et
1404 1389 1620 1472 laboribus
1641 1393 1812 1496 intenti,
1844 1397 2012 1502 proprio

349 1500 520 1585 duret
478 1529 499 1586 e
503 1503 635 1613 tlege
655 1503 827 1612 specialj
847 1495 1129 1611 perfruuntur.
1181 1504 1339 1588 Verum
1360 1533 1507 1590 omnes
1528 1536 1658 1592 cause
1679 1536 1754 1617 pro
1774 1514 2012 1618 posscssio-

349 1620 494 1721 nibus,
513 1621 677 1702 heredit
659 1619 837 1724 tatibus,
858 1619 981 1724 metis
1004 1629 1046 1704 et
1064 1620 1283 1722 limitibus,
1325 1597 1598 1708 facultatibus
1619 1635 1665 1708 et
1683 1627 1912 1732 mortibus,
1933 1653 2011 1712 seu

350 1738 690 1848 quibuscumque
726 1739 902 1822 casibus
927 1767 1002 1847 per
1024 1739 1221 1820 comitem
1242 1765 1317 1848 pro
1338 1751 1528 1848 tempore
1564 1743 1840 1828 constitutum
1861 1755 1906 1828 et
1927 1745 2013 1832 Oo-

348 1856 494 1940 mitem
529 1855 757 1965 provincie,
792 1859 970 1938 terranis
991 1856 1281 1940 mediantibus
1293 1857 1618 1964 judicabuntur,
1639 1862 1684 1942 ιιι
1704 1861 1798 1945 loco
1820 1865 2012 1972 superius

348 1982 593 2074 memorato,
614 1968 846 2055 secundum
881 1973 1059 2057 formam
1078 1975 1191 2055 iuris.
1243 1974 1409 2057 Deinde
1433 1975 1608 2084 singulis
1631 1979 1752 2063 annis
1772 1983 1899 2064 ramis
1920 1980 2012 2089 pel-

347 2117 529 2192 marum,
565 2089 780 2172 Monetam
800 2103 942 2173 nostre
966 2091 1147 2174 Camere
1167 2090 1324 2202 Regis,
1356 2119 1454 2174 cum
1475 2091 1590 2176 omni
1609 2097 1857 2176 reuerencia
1877 2100 2012 2180 susciss

346 2233 448 2314 pere
467 2205 801 2308 tenebrarum-er
820 2209 1017 2290 soleniter
1050 2209 1275 2317 permitere
1306 2236 1472 2292 currere
1514 2209 1724 2292 scundum
1752 2207 1854 2312 dus,
1889 2215 2012 2320 vigo·

347 2351 434 2406 rem
458 2336 499 2406 et
517 2323 680 2405 lucrum
703 2323 881 2408 Camere
902 2325 1040 2460 Regis
1063 2324 1250 2406 cambire
1291 2325 1575 2410 Tenebantur
1603 2327 1913 2432 universaliter,
1944 2328 2012 2412 lta

348 2441 465 2552 quod
487 2439 640 2526 Comes
663 2439 842 2526 Camere
862 2443 931 2525 vel
950 2470 1016 2526 sur
1004 2439 1251 2546 officiales,
1273 2470 1381 2553 quos
1404 2441 1561 2527 adhoc
1585 2439 1862 2554 deputaverit,
1879 2441 2010 2530 altero

348 2557 517 2642 dimidio
539 2586 684 2641 mense
704 2561 794 2643 sive
815 2587 889 2642 sex
911 2559 1159 2642 ebdomadis
1199 2561 1369 2668 plenam
1390 2561 1579 2644 habeant
1612 2560 1859 2644 facultatem
1882 2561 2009 2645 Cam-

345 2675 522 2784 byendi,
544 2675 625 2766 dus
649 2685 691 2758 et
709 2677 871 2758 lucrum
894 2677 1076 2760 Camere
1093 2677 1399 2788 prosequendj,
1423 2682 1475 2761 de
1496 2677 1688 2788 qualibet
1707 2703 1947 2762 marcarum
1969 2681 2011 2760 ιιι

348 2819 415 2902 οιι3
406 2785 573 2878 uslibel
591 2791 674 2878 scri
690 2793 759 2878 vel
780 2797 980 2878 emcionis
1016 2793 1137 2878 titulo
1172 2796 1380 2902 recipiant
1413 2825 1542 2878 unum
1575 2795 1756 2904 pondus.
1807 2789 2010 2880 Volumus
2104 2895 2106 2898 ¹

346 2913 507 2995 ecclam
527 2921 738 2995 monetam
763 2936 855 2992 csse
877 2922 1087 3035 convente
1124 2910 1442 2996 combustionis·
1491 2911 1632 2996 Finito
1655 2925 1800 2996 autem
1819 2923 2010 3022 tempore
2100 3013 2102 3020 y

346 3055 422 3112 sex
442 3019 778 3138 ebdomadarum
800 3027 896 3142 (sie)
921 3025 1118 3168 expresso
1155 3029 1368 3138 superma,
1406 3028 1594 3115 Comites
1633 3027 1811 3116 Camere
1833 3043 2012 3140 surg-ent

347 3174 373 3228 a
395 3147 583 3252 cambio,
620 3128 813 3230 cessante
837 3151 949 3231 omni
969 3149 1116 3256 vigore
1140 3148 1504 3256 eorundem,1psa
1523 3157 1695 3232 moneta
1714 3149 2010 3232 nichilominus

346 3275 538 3347 currente
559 3293 635 3376 per
654 3273 791 3348 totum
813 3291 982 3382 annum,
1002 3291 1139 3376 usque
1156 3266 1212 3346 ad
1227 3265 1540 3374 revolutionem
1559 3288 1668 3349 nove
1688 3274 1869 3369 monete,
1892 3265 2013 3376 quod

150 3384 157 3394 '
246 3430 249 3442 ·
346 3379 526 3492 quibbet
546 3412 688 3469 eorum
707 3371 883 3466 liberam
900 3379 1063 3464 habeat
1081 3381 1301 3474 licenciam
1345 3378 1532 3491 emendj,
1562 3379 1778 3466 vendendi
1799 3410 1896 3466 cum
1915 3384 2011 3488 ipsa

344 3509 525 3603 moneta,
549 3529 645 3582 cum
667 3529 770 3584 auro
793 3511 836 3582 et
857 3510 1034 3609 argento
1056 3500 1124 3583 vel
1145 3502 1455 3612 cuiuscumque
1477 3411 1723 3583 substancia
1746 3496 2007 3603 facultatem,

344 3643 425 3700 nec
448 3617 855 3726 pretermittendum,
893 3617 1009 3727 quod
1046 3615 1249 3726 sepedict
1239 3643 1273 3697 rs
1294 3617 1533 3751 hospitibus
1554 3617 1708 3701 nostris
1729 3610 1975 3715 fidelibus,
1964 3643 2031 3718 1n¹

114 3835 119 3848 Ι
267 3765 270 3770 ·
344 3735 467 3845 aquis
484 3737 724 3846 piscandi,
713 3765 757 3817 ιιι
778 3703 892 3820 siluis
914 3734 1110 3836 venandi,
1130 3734 1298 3842 plenam
1319 3735 1606 3816 concessimus
1626 3733 1878 3815 libertatem.
1921 3729 2008 3815 Vo-

342 3851 527 3936 lumus
515 3881 706 3962 insuper,
729 3854 876 3964 quod
865 3881 909 3934 m
929 3855 1052 3936 metis
1076 3863 1119 3934 et
1137 3850 1337 3958 limitibus
1359 3851 1473 3934 siluis
1498 3859 1540 3931 et
1559 3847 1800 3934 nemoribus
1820 3875 1897 3960 per
1917 3850 2010 3932 nul·
2036 3917 2039 3925 .

343 3970 422 4054 lius
445 3971 703 4056 condicionis
724 3969 938 4054 hominem
957 3967 1239 4080 impediantur
1256 3967 1322 4052 vel
1338 3975 1582 4080 grauanter.
1613 3965 1772 4052 Verum
1786 3969 1869 4077 ipsi
1887 3964 2010 4076 larga

259 4143 264 4148 -
343 4090 568 4198 pociantur
587 4089 776 4171 licencia.
832 4087 970 4172 Siluas
993 4088 1240 4197 extirpandi,
1263 4095 1306 4168 et
1324 4087 1368 4167 ιιι
1387 4095 1544 4170 terram
1565 4087 1785 4172 amabilem
1805 4084 2007 4186 rediendi,

345 4207 520 4318 suisque
537 4205 684 4290 usibus
702 4205 955 4316 applicandi
989 4203 1194 4292 Oumt
1120 4212 1194 4288 aut
1196 4233 1262 4287 em
1278 4203 1430 4290 collect
1412 4217 1524 4290 tores
1540 4205 1714 4316 terragij
1730 4231 1807 4288 nos
1811 4199 1873 4306 tri,
1811 4210 2006 4286 tcerto
2124 4245 2129 4258 ·

344 4333 534 4432 tempore
570 4325 1034 4460 prescript0,ad1psos
1070 4323 1360 4432 pervenerint,
1390 4323 1646 4406 tenebuntur
1683 4349 1756 4405 eos
1791 4322 2006 4428 suscipere

344 4441 575 4525 honorifice
596 4453 640 4523 et
659 4450 880 4554 gratanter
900 4439 1029 4578 (sic)
1018 4469 1062 4521 ιιι
1083 4449 1198 4524 certo
1220 4469 1394 4552 numero
1431 4451 1615 4552 quatuor
1649 4465 1943 4548 personarum,
1965 4447 2009 4519 et
2080 4457 2084 4467 ’

272 4649 273 4654 J
345 4559 534 4671 quinque
556 4587 773 4668 equorum,
783 4561 975 4670 quibus
964 4587 1008 4641 m
1021 4557 1276 4642 victualibus
1295 4568 1336 4640 et
1352 4559 1510 4667 delicijs
1530 4557 1692 4640 laucius
1711 4552 2007 4663 providebunt,

345 4677 481 4760 donec
514 4703 679 4760 summa
712 4679 986 4760 tricentarum
1005 4704 1242 4758 marcarum
1264 4703 1359 4758 cum
1380 4676 1566 4786 pondere
1586 4673 1878 4782 prenominato
1898 4673 2007 4753 inte

345 4795 516 4912 graliter
552 4795 787 4907 colligatur.
839 4795 1090 4879 Postremo
1078 4797 1180 4903 ipsis
1201 4795 1444 4902 petentibus
1465 4793 1575 4874 hanc
1599 4791 1885 4875 concessimus
1907 4817 2006 4900 gra-

1802 4921 1861 4986 13*
