4930 5922
981 709 1335 812 ‚-or,-

301 887 305 908 ¹
376 910 512 995 umas
533 937 608 1018 per
628 935 702 991 aas
724 909 1030 1016 pervenientes,
1048 917 1149 993 sunt
1164 905 1458 994 liberatissime
1480 917 1702 1017 exemptae
1732 921 1776 994 et
1795 913 1933 998 eidem
1953 873 2044 1001 mo-

276 1095 285 1104 .
376 1029 560 1113 uastatio
583 1024 828 1130 collocatae;
850 1026 918 1110 De
939 1022 1227 1132 Krzyelowr‘cze
1249 1034 1404 1127 autem,
1443 1023 1653 1136 Mopa'luul,
1687 1027 1914 1134 Stiborzice,
1951 1028 2046 1114 Cor*

378 1145 555 1247 duaaow,
572 1145 750 1253 deagris
764 1145 977 1229 duntaxat
995 1141 1239 1252 praedialiis
1260 1143 1316 1224 ad
1330 1144 1422 1250 jam
1444 1142 1606 1228 dictum
1620 1145 1762 1228 locum
1784 1148 2061 1256 dignoscitur·

223 1363 229 1374 ¹
377 1273 422 1345 et
443 1258 638 1347 definitur
652 1261 876 1368 pertinere.
910 1260 969 1344 Et
984 1262 1094 1344 hanc
1110 1259 1284 1367 insuper
1301 1261 1487 1369 gratiam
1502 1263 1731 1369 specialem
1750 1274 1792 1346 et
1806 1264 2045 1352 libertatem

377 1390 550 1469 nostrae
563 1379 869 1488 jurisdictionis
891 1379 990 1488 huic
1011 1379 1267 1478 monasterio
1288 1375 1557 1482 conterimus
1580 1381 1616 1461 si
1638 1380 1781 1491 aliquo
1805 1409 1909 1466 casu
1931 1386 2046 1468 deci-

235 1605 243 1616 .
280 1599 282 1604 ,
319 1508 325 1514 “
378 1509 500 1585 mam‘
514 1499 702 1607 aliquam
724 1507 799 1578 aut
818 1507 982 1606 partem
999 1521 1146 1578 earum
1168 1495 1223 1578 de
1245 1491 1375 1604 sup'ra
1406 1496 1564 1579 notatis
1586 1498 1691 1580 villis
1714 1497 1769 1581 ab
1792 1500 1874 1584 hcc
1896 1529 2046 1588 mona·

377 1617 621 1726 sterio'quis
644 1612 789 1724 aliqua
811 1615 1037 1698 donatione
1060 1622 1133 1696 aut
1155 1613 1460 1698 consuetudine
1481 1614 1525 1694 in
1545 1616 1923 1726 praescriptionem
1936 1621 2045 1727 juris

376 1735 600 1832 induxerit,
624 1731 794 1839 abipsa
814 1732 1147 1840 praescriptione
1167 1739 1314 1814 nostra
1334 1732 1586 1848 auctoritate
1603 1709 1717 1816 h'unc
1737 1733 1879 1818 locum
1901 1739 2046 1848 eximi-

375 1877 483 1954 mus,
505 1860 550 1932 et
570 1854 644 1960 qui
664 1850 742 1932 has
765 1849 1073 1970 abalienaverit
1093 1856 1136 1931 et
1155 1850 1190 1930 is
1214 1849 1293 1959 qui.
1308 1849 1492 1931 tenuerit
1512 1857 1555 1930 et
1569 1877 1654 1933 non
1676 1877 1773 1934 cum
1789 1853 2045 1938 satisfactio·
2135 1898 2142 1911 ·

376 1998 431 2062 ne
452 1969 693 2070 restituerit,
713 1967 1050 2080 indignatiomin
1081 1963 1394 2074 Omnipotentis
1415 1965 1501 2046 Dei
1519 1967 1719 2072 incurrat
1758 1972 1962 2080 quoniam
1974 1973 2047 2080 ju·

215 2149 224 2164 ,
376 2097 443 2170 sto
458 2085 620 2195 judicio
635 2085 742 2194 juris
765 2087 969 2188 canonici,
1006 2111 1092 2196 quo
1123 2082 1253 2192 pollet
1283 2081 1385 2188 ordo
1413 2081 1563 2172 horum
1600 2083 1931 2194 coenobitarum,
1963 2119 2047 2174 nec

374 2205 508 2314 isqui
528 2203 776 2310 tenetjuste
799 2204 900 2288 dare
919 2201 1117 2310 potuerit,
1140 2229 1221 2284 nec
1241 2201 1458 2308 accipiens
1482 2200 1773 2308 justetenere
1798 2209 1967 2312 poterit,
2002 2219 2047 2290 et
2142 2212 2149 2237 ⁴·
2205 2297 2208 2309 ¹
2298 2277 2303 2284 ,

349 2321 542 2422 ¹simille
564 2322 684 2404 armis
705 2323 900 2424 tenuerit,
930 2323 1092 2404 ratione
1130 2319 1545 2405 circumstantiarum
1579 2323 1939 2426 praecedentium.
1988 2311 2057 2408 Ut'

377 2449 519 2527 autem
539 2439 815 2523 haecnostra
836 2438 1009 2540 donatio
1031 2439 1288 2530 inconcussa
1319 2445 1579 2547 permaneat,
1623 2439 1827 2521 memoria
1862 2449 1905 2522 et
1924 2443 2045 2523 testi·

375 2559 565 2644 monium
586 2555 877 2666 ejusdemque,
898 2565 1143 2668 praesentes
1159 2555 1301 2640 literas
1318 2557 1451 2639 nostri
1471 2553 1596 2666 sigilli
1616 2556 1845 2668 munimine
1868 2555 2047 2667 dignum

377 2675 603 2758 statuimus
636 2673 937 2795 designandas.
984 2673 1099 2758 Acta
1120 2683 1220 2758 sunt
1240 2674 1349 2768 haec
1369 2675 1415 2754 in
1436 2671 1659 2757 Oraccvia.
1708 2672 1832 2758 Anno
1870 2673 2044 2768 Domini

310 2841 318 2851 ·
339 2787 353 2869 ’.
377 2793 595 2881 Millesimo
615 2791 905 2877 ducentesimo
922 2793 1284 2904 quinquagesimo
1301 2793 1465 2902 quinto.
1497 2791 1812 2878 Praesentibus:
1837 2791 2043 2876 Michaele

283 2905 301 2920 ’
375 2909 619 2999 Oas'tellano
662 2904 787 2992 Orac.
827 2907 1054 3000 Sandcone
1100 2907 1452 3012 -SuocamcrariO,
1489 2908 1690 2996 Johanne
1744 2907 2045 3018 Subpincerna
2088 2931 2093 2939 ’

378 3029 544 3116 Orac...
569 3025 781 3136 Oapitano
804 3027 965 3132 d’osel,
993 3037 1037 3110 et
1072 3025 1260 3114 Amoldo
1298 3023 1495 3136 capitano
1534 3036 1676 3114 nostro
1713 3035 1756 3112 et
1787 3028 1878 3128 aliis
1914 3059 2002 3141 qua
2156 3091 2160 3098 -

375 3147 565 3260 pluribus
586 3143 787 3230 militibus
809 3146 971 3232 idoneis
993 3146 1155 3234 clericis
1178 3155 1221 3232 et
1239 3147 1358 3236 laicis
1375 3144 1621 3260 fidedignis.
1993 3179 1996 3184 ·

995 3471 1001 3481 ’
1122 3429 1304 3546 xxxta

570 3597 581 3672 ·.
670 3584 1047 3744 caraecarae,
1075 3651 1168 3733 ure
1192 3652 1233 3736 4
1259 3645 1750 3735 reomaense

376 3788 648 3932 notentur
669 3789 880 3908 truantur
900 3835 1065 3910 trrarirc
1085 3831 1339 3908 usutonirirc
1361 3829 1521 3923 musar
1532 3817 1648 3934 'atrro
1663 3829 1811 3932 trunto
1824 3833 1867 3922 et
1884 3833 1981 3924 uuo·
1994 3833 2046 3908 te

375 3939 467 3997 tanne
481 3921 556 4002 Albo
569 3920 754 3994 moraturis
766 3921 944 4044 Dlabacasi
957 3919 1037 3994 ὡς
1050 3919 1325 4076 affiaaofflp
1336 3933 1495 4086 &orm
1509 3933 1660 4007 rumam
1674 3913 1789 3991 ortum
1817 3921 2053 4012 pamm..

363 4165 368 4178 ⁶
480 4139 718 4264 innomine
739 4187 912 4269 sanctae
935 4175 1169 4283 Trinitatis,
1191 4187 1234 4260 et
1252 4173 1497 4277 indiuiduas
1532 4175 1707 4258 unitatis
1743 4135 1875 4282 patris
1909 4171 2044 4284 et'filij

378 4307 422 4382 et
441 4299 611 4408 spiritus
632 4299 772 4380 sancti
793 4323 938 4392 amen,
963 4293 1187 4401 Quoniam,
1208 4305 1257 4378 ut
1278 4291 1338 4377 ait
1357 4292 1542 4430 sapiens,
1564 4321 1649 4377 non
1672 4300 1736 4375 est
1749 4291 1935 4400 priorum
1956 4319 2046 4372 me-

338 4527 342 4534 ·
483 4497 526 4576 (¹)
546 4493 598 4561 Ex
614 4495 809 4582 apographo
831 4496 866 4561 in
882 4494 1060 4562 'fabulatio
1114 4493 1225 4561 ablico
1247 4493 1357 4580 Regni
1376 4489 1532 4556 Polcniac
1561 4488 1724 4574 (Metryki
1737 4487 1812 4551 kar.
1826 4486 1902 4552 Vol.
1918 4491 1971 4555 82.
1985 4489 2048 4554 tar*

378 4580 491 4648 ercet
506 4583 616 4679 seqq.)
643 4517 1336 4680 doctissimus'Muozbcwsssndcscripria
1357 4573 1588 4676 ‚Apograpbop
1618 4596 1698 4672 vero
1714 4571 1824 4670 tuitin
1838 4581 1984 4638 trunsum
2011 4583 2045 4638 to

377 4669 414 4732 δι
440 4665 582 4731 remundi
607 4666 766 4756 Augusti,
805 4665 1133 4766 Sigismundrpnm
1154 4675 1188 4730 et
1215 4661 1369 4732 Casinum
1390 4682 1505 4759 magni
1533 4659 1623 4758 (yrde
1650 4655 1749 4756 rpfra)
1774 4664 1944 4756 inscrtum
2030 4680 2047 4722 e

376 4688 522 4824 illabata
536 4748 590 4814 vel
602 4749 833 4818 Imtramowire
855 4749 941 4817 conf.
965 4749 1176 4837 privilegium
1202 4747 1276 4816 LX.
1300 4745 1398 4812 Tornr
1413 4743 1438 4808 1.
1455 4751 1562 4808 nostri
1586 4739 1729 4830 dercrs
1749 4749 1782 4807 et
1798 4751 2044 4807 annotationem

378 4833 558 4920 praecipua
581 4838 610 4901 2.
2050 4870 2053 4878 ·
