4822 5924
1025 691 1305 768 -bhb-

336 929 433 984 oum
469 897 662 982 omnibus
697 893 947 980 utilitatibus
970 904 1011 977 et
1031 894 1325 1004 proventibus,
1363 892 1619 980 Cmethones
1654 925 1754 983 vero
1787 897 1860 1012 qui
1891 897 1994 984 inibi

336 1019 463 1106 locati
492 1014 647 1098 fuerint
677 1045 805 1128 super
835 1015 948 1126 agris
971 1013 1093 1096 cultis
1117 1013 1240 1097 dictis
1258 1013 1465 1126 Sturzyny,
1488 1023 1582 1098 octo
1605 1041 1758 1121 annos,
1778 1047 1904 1128 super
1924 1017 1994 1102 sil-

336 1140 400 1222 vis
420 1135 573 1247 viginti
595 1162 727 1219 annos
748 1135 917 1244 plenam
940 1143 983 1215 et
1004 1133 1285 1218 omnimodam
1306 1134 1497 1217 habeant
1516 1131 1772 1239 libertatern,
1806 1140 1996 1246 expirata

338 1255 533 1340 libertate
556 1254 610 1335 de
632 1253 823 1365 quolibet
842 1277 989 1335 manso
1012 1252 1193 1333 mediam
1215 1281 1401 1336 marcam
1422 1279 1498 1362 pro
1521 1279 1652 1335 censu
1673 1257 1850 1366 singulis
1872 1258 1993 1340 annis

337 1376 380 1458 in
401 1373 530 1458 Festo
551 1371 674 1456 Beati
696 1373 863 1461 Martini
883 1370 1006 1454 nobis
1027 1398 1103 1454 seu
1123 1381 1265 1454 nostro
1287 1370 1541 1456 Monosterio
1572 1371 1813 1481 Tyneoensi
1834 1371 2012 1460 solvere¹

139 1520 144 1532 ·
250 1547 251 1550 κ
338 1493 607 1576 tenebuntur:
647 1491 863 1576 Scultetus
900 1517 998 1572 vero
1036 1499 1198 1572 sextum
1222 1491 1438 1573 denarium
1461 1491 1733 1595 Censualem,
1763 1494 1997 1579 reservabit
2039 1555 2045 1570 ,

337 1641 413 1724 pro
434 1609 557 1696 hobis
578 1609 783 1718 quinque,
804 1610 840 1693 A
864 1605 1054 1720 qualibet
1084 1635 1222 1715 poena
1251 1612 1419 1710 tertium
1448 1610 1660 1693 denarium
1683 1611 1896 1698 Scultetus
1916 1612 1998 1698 sibi

337 1733 523 1841 recipiet.
575 1730 669 1812 Non
705 1731 798 1838 plns
835 1727 1013 1841 quilibet
1050 1727 1200 1811 Ometo
1236 1729 1317 1812 nisi
1352 1729 1555 1813 fertonem
1579 1757 1654 1838 pro
1678 1731 1842 1815 decima
1871 1735 1994 1816 nobis

338 1849 640 1960 praesentabit.
693 1847 876 1933 Prandia
911 1849 989 1931 tria
1022 1845 1064 1927 in
1097 1875 1225 1950 anno,
1261 1875 1336 1958 pro
1375 1845 1567 1957 quolibet
1601 1853 1777 1957 prandio
1815 1862 1998 1964 quatuor

341 1969 513 2072 scotos,
548 1967 811 2054 Kmethones
844 1967 926 2048 duo
957 1967 1164 2075 prandia,
1187 1966 1402 2050 Scultetus
1439 1996 1589 2072 unum,
1629 1973 1818 2080 expirata
1853 1981 1997 2054 tamen

339 2089 545 2174 libertate.
579 2086 794 2170 ludicium
817 2113 916 2170 vero
937 2114 1140 2196 magnum
1162 2097 1226 2168 ter
1241 2087 1283 2166 in
1301 2115 1411 2170 anno
1432 2115 1508 2196 per
1528 2113 1604 2170 nos
1627 2089 1695 2170 vel
1713 2117 1788 2198 per
1809 2101 1999 2174 nostrum

340 2207 508 2290 fidelem
529 2208 722 2290 nuntium
742 2203 1007 2288 iudicabitur.
1055 2203 1136 2288 Pro
1158 2205 1316 2288 honore
1337 2234 1436 2290 vero
1457 2213 1600 2290 nostro
1622 2208 1663 2288 in
1685 2205 1854 2290 Pascha
1875 2209 2001 2320 quili-

342 2328 417 2410 bet
439 2325 588 2410 Cmeto
613 2325 758 2406 decem
782 2351 874 2426 ova,
905 2351 1034 2404 unum
1059 2351 1242 2408 caseum.
1292 2323 1449 2410 Omnes
1472 2351 1570 2408 vero
1594 2319 1850 2410 Cmethones
1872 2355 2021 2410 unam*

341 2457 514 2558 pernam
539 2443 723 2526 connium
746 2471 822 2552 pro
845 2449 940 2528 octo
963 2469 1148 2552 grossos.
1209 2441 1372 2526 Damus
1395 2445 1530 2530 eidem
1553 2442 1745 2530 Sculteto
1769 2445 1883 2558 quod
1905 2445 1999 2530 nul·
2105 2457 2107 2460 ’

341 2565 406 2648 las
429 2562 526 2678 (sic)
551 2561 678 2646 debet
713 2561 969 2672 respondere
990 2561 1067 2644 nisi
1091 2588 1230 2644 coram
1268 2562 1390 2644 nobis
1411 2564 1454 2644 in
1476 2573 1620 2648 nostra
1664 2561 1792 2647 Curia
1812 2567 1855 2646 in
1874 2561 2002 2648 Kola-
2121 2597 2126 2614 ·

164 2682 223 2799 ”gv
344 2711 454 2793 szyoe
478 2711 617 2768 coram
640 2691 802 2790 septem
826 2679 1024 2766 Scultetis
1050 2677 1154 2764 -Jure
1179 2679 1447 2766 Theutonico
1469 2694 1512 2766 et
1533 2683 1662 2764 citare
1683 2683 1897 2768 tenebitur
1916 2712 2002 2768 non

215 2801 225 2823 “
345 2829 442 2884 cum
465 2803 547 2886 alio
569 2801 648 2884 nisi
671 2829 765 2882 curn
789 2801 942 2883 annulo
979 2809 1142 2906 nostro;
1179 2801 1422 2906 praedictus
1457 2829 1559 2886 vero
1597 2799 1809 2886 Scultetus
1847 2803 2002 2888 serviet

108 2935 142 3001 Q
226 2936 282 3042 a,
345 2920 466 3005 nobis
486 2922 528 3002 in
551 2947 661 3034 equo
684 2947 779 3002 curn
801 2917 973 3023 balista,
1010 2920 1110 3002 dum
1147 2921 1356 3026 expeditio
1387 2919 1516 3036 fuerit
1546 2923 1774 3030 generalis,
1804 2921 1873 3006 vel
1904 2921 2004 3006 dum

347 3395 555 3478 Addimus
570 3395 788 3504 praedicto
805 3407 949 3480 nostro
968 3394 1156 3478 Sculteto
1174 3397 1433 3504 praedictam
1451 3397 1700 3486 Scultetiam
1722 3398 2004 3485 omnimodam
2075 3435 2080 3442 ·

311 3522 322 3621 'g
348 3513 506 3598 habere
527 3511 775 3596 facultatem
797 3513 1025 3616 vendendi,
1047 3517 1354 3621 commutandi,
1378 3517 1589 3600 alienandi
1609 3529 1651 3600 et
1672 3517 1727 3600 ad
1748 3543 1850 3598 usus
1870 3517 2002 3626 ipsius

282 3704 300 3735 ,2
349 3632 640 3736 convertendi,
671 3643 816 3718 nostra
846 3644 984 3713 tamen
1007 3631 1222 3715 voluntate
1243 3635 1356 3742 prius
1378 3635 1629 3743 praehabita
1652 3645 1694 3716 et
1715 3635 1767 3718 de
1788 3633 2005 3722 voluntate
2030 3735 2035 3745 ¹

189 3752 278 3873 fi
347 3754 478 3838 nostri
501 3751 756 3836 Conventus.
809 3749 860 3834 ln
881 3752 1000 3834 cuius
1020 3751 1081 3834 rei
1101 3749 1384 3834 testimonium
1426 3755 1709 3860 praesentium
1742 3751 1839 3866 (sio)
1861 3766 2007 3840 nostra

162 3854 256 3951 :aas
352 3868 499 3983 Sigilla
521 3886 618 3953 sunt
639 3899 839 3983 appensa.
892 3869 1050 3953 Datum
1071 3871 1112 3951 in
1134 3867 1388 3956 Monosterio
1410 3873 1451 3952 in
1475 3871 1621 3981 lpnieo
1640 3873 1683 3954 in
1705 3875 1887 3956 crastino
1917 3875 2004 3959 Na·

3 3981 5 3994 ’
119 3982 135 4011 ”
162 3979 198 4006 ³
349 3993 523 4074 tivitatis
546 3989 652 4074 Jesu
674 3991 829 4076 Christi
853 3987 942 4074 Sub
965 3989 1088 4072 Anno
1109 3987 1280 4070 Domini
1299 3989 1518 4075 Millesimo
1546 3991 1864 4076 Trecentesimo
1887 4007 2004 4076 octu-

349 4112 540 4221 agesimo
571 4111 706 4195 tertio.
768 4109 1066 4194 Praesentibus
1097 4105 1308 4191 Mich'aele
1330 4109 1380 4192 de
1404 4107 1586 4210 Follcow,
1618 4109 1743 4196 Petro
1767 4111 1880 4195 dioto
1901 4109 2005 4196 Kol-

351 4229 517 4310 nicode
540 4225 740 4326 Olesrn'co,
776 4229 1023 4340 Magnussio
1059 4225 1247 4312 Plebano
1270 4227 1321 4312 de
1345 4229 1511 4337 Tpnz'ec,
1549 4229 1674 4314 Petro
1707 4231 1758 4311 de
1782 4227 2003 4338 Grzymala

353 4346 486 4430 Paulo
516 4345 679 4450 Priore,
711 4347 878 4431 loanne
910 4352 1083 4460 antiquo
1116 4345 1306 4452 Abbate,
1337 4347 1544 4456 Krzyslao
1565 4349 1810 4457 Praeposito
1833 4347 1928 4432 olim
1950 4347 2005 4433 ad

345 4463 559 4564 ¹Sanctum
589 4465 881 4564 Laurentium,
910 4477 1088 4577 totoque
1120 4464 1363 4569 Conventa,
1394 4465 1561 4549 «Ioanne
1584 4465 1825 4559 Castellano
1846 4464 2006 4580 Voyni-

354 4584 504 4688 ciensi‚
525 4580 730 4694 Gregorio
743 4585 805 4667 de
828 4587 1048 4670 Morowr‘oo
1069 4593 1114 4666 et
1133 4583 1223 4693 alys
1245 4585 1582 4698 quampluribus
1603 4584 1689 4668 fide
1711 4584 1863 4698 dignis.

509 4949 591 4992 ronna
603 4949 643 4990 ΙΙΙ.
1758 4951 1800 5018 42
