4856 5932
1040 1317 1045 1332 .
1139 1161 1367 1278 cornu..

594 1435 1166 1540 ermemmarus-uec
1192 1439 1223 1521 ι
1248 1436 1523 1520 damuante
1547 1434 1696 1524 1489
1724 1461 1888 1524 anno.
2000 1487 2003 1494 ·

421 1675 697 1749 casimirus
719 1673 1071 1764 angelrannum
1092 1677 1165 1763 Rex,
1187 1693 1240 1766 pre
1261 1675 1433 1777 quingentis
1453 1674 1573 1746 florenis
1593 1674 1836 1768 hungeriuulibuu
1848 1695 1957 1751 ιιιιιι
1979 1677 2069 1752 sute-

420 1781 479 1850 ιιιι
500 1795 670 1852 nurerum
687 1795 742 1869 per
754 1774 889 1850 remorer
903 1777 1068 1867 magistrer
1092 1779 1170 1850 artie
1189 1765 1347 1850 sutoiiue
1339 1795 1369 1850 ιι
1382 1777 1455 1849 unte
1470 1778 1615 1850 eruente
1644 1774 1710 1852 turi
1731 1781 2004 1868 tribunatuo
2031 1782 2069 1853 to

966 1881 1190 1968 Koprzywnica
1207 1879 1335 1970 plebano
1351 1881 1457 1953 tundit
1471 1881 1523 1966 (¹)-

517 2108 568 2190 ln
589 2110 758 2192 nomine
779 2109 935 2192 domini
956 2135 1090 2190 amen.
1138 2107 1311 2191 Etcum
1335 2109 1638 2218 disposiciones
1662 2121 1705 2193 et
1725 2113 1911 2211 aetiopes
1933 2111 2067 2194 homi-
2111 2154 2114 2168 ·

415 2255 514 2310 num
536 2229 784 2336 plerumque
806 2226 960 2312 obliuio
984 2228 1132 2310 erroris
1153 2228 1263 2311 vicio
1286 2226 1543 2311 confundere
1581 2232 1811 2332 consueuit,
1835 2227 2002 2340 Regum
2024 2240 2071 2311 et

414 2349 651 2457 principum
672 2346 864 2430 salubres
886 2347 1193 2430 constituerunt
1213 2347 1464 2452 sanctiones,
1493 2347 1581 2430 illae
1602 2348 1815 2432 literarum
1836 2351 2066 2457 scripturis,

416 2465 658 2576 Sigillorum
679 2465 945 2548 munimentis
968 2475 1011 2548 et
1030 2467 1200 2548 testium
1222 2465 1445 2550 aminiculo
1469 2493 1563 2550 esse
1583 2466 1824 2552 firmandae.
1879 2465 1947 2550 Ad
1967 2495 2063 2576 per-

413 2595 584 2695 petuam
611 2586 739 2695 igitur
773 2585 1016 2680 memoriam
1038 2584 1125 2668 Noe
1146 2583 1383 2668 Kazimirus
1407 2586 1475 2668 dei
1497 2588 1644 2696 gracia
1665 2587 1758 2672 Rex
1777 2585 1966 2690 Polonie,
1987 2614 2066 2668 nec

413 2731 498 2788 non
518 2713 723 2788 terrarum
745 2701 972 2808 Oraoowie,
1006 2701 1283 2810 Sandomirie‚
1308 2703 1484 2810 Siradie‚
1505 2705 1720 2810 Lancicie,=
1741 2704 1956 2816 Cuyawie,
1975 2705 2068 2789 Ma-

411 2851 522 2934 gnus
546 2823 631 2906 dux
650 2823 1084 2928 Lithwanie,⁴Russie,
1120 2823 1300 2928 Pressie,
1338 2853 1388 2906 ac
1426 2823 1676 2928 (immensis,
1713 2823 1985 2936 Elbingensis
2024 2837 2066 2907 et

411 2946 652 3050 pomeranie
675 2943 867 3028 dominus
904 2951 946 3024 et
982 2943 1103 3026 heres
1125 2952 1204 3026 etc.
1259 2941 1562 3053 Significamus
1603 2955 1752 3028 tenore
1790 2947 2066 3054 presencium,

411 3062 567 3170 quibus
590 3062 761 3172 expedit
779 3064 984 3147 uniuersis
1021 3061 1287 3172 presentibus
1311 3071 1353 3145 et
1372 3061 1521 3147 futuris
1551 3065 1703 3146 harum
1724 3065 1922 3147 noticiam
1942 3062 2064 3147 habi-

317 3227 322 3236 ·
411 3182 527 3264 turis.
580 3180 802 3292 Quomodo
824 3185 1019 3295 exigente
1040 3189 1186 3267 nostra
1208 3193 1250 3265 et
1272 3182 1412 3294 Regni
1434 3184 1566 3267 nostri
1587 3211 1673 3267 non
1694 3183 1895 3269 mediocri
1915 3179 2063 3265 neces-

410 3302 534 3384 sitate
556 3313 600 3386 et
618 3301 859 3414 indigencia
878 3327 955 3413 pro
978 3302 1361 3413 conseruandaque
1381 3301 1600 3412 republica
1636 3329 1789 3386 census
1811 3329 1973 3386 annuos
1996 3331 2063 3386 se·
2156 3409 2158 3416 Α

307 3443 368 3605 χι
465 3424 546 3505 cim
566 3448 804 3506 marcarum
823 3429 991 3506 monete
1014 3429 1057 3504 et
1076 3422 1239 3505 numeri
1258 3421 1564 3532 poloniealium,
1596 3449 1784 3506 marcam
1819 3423 1862 3504 in
1883 3421 2064 3536 quamli-

340 3556 342 3566 '
367 3536 374 3638 ζ
408 3543 483 3625 bet
504 3542 790 3652 computando
828 3541 1131 3654 quadraginta·
1150 3551 1193 3624 et
1229 3551 1325 3625 octo
1363 3567 1547 3654 grossos
1580 3543 1631 3626 In
1652 3551 1697 3625 et
1716 3568 1843 3652 super
1863 3543 2061 3646 macellis,

295 3679 297 3686 ’
458 3691 487 3743 u
507 3659 655 3744 banois
676 3663 896 3745 sutorum
885 3691 926 3743 m
952 3657 1231 3766 creauerunt
1188 3669 1231 3744 et
1254 3688 1396 3746 eorum
1417 3663 1623 3744 universis
1646 3661 2015 3746 obvencionibus
2000 3689 2064 3743 m-

407 3792 470 3863 ter
488 3779 589 3862 alios
612 3805 763 3864 census
784 3807 861 3888 pro
882 3779 987 3866 fisco
1010 3792 1053 3863 et
1073 3780 1299 3865 'Phezauro
1322 3789 1464 3865 nostro
1486 3778 1624 3894 Regio
1645 3779 1824 3892 singulis
1846 3780 1965 3863 annis
1987 3807 2062 3890 per

231 3981 235 3989 .
469 3925 604 3984 mores
625 3901 852 4008 magistros
875 3902 975 3982 artis
998 3897 1220 4004 Sutorio,
1208 3926 1483 4012 upsorumque
1525 3903 1823 3985 comunitatem
1854 3899 1943 3980 dari
1964 3899 2062 3984 soli-

320 3886 507 4176 stis
498 4027 540 4101 et
560 4029 736 4101 consuet
737 4044 784 4101 os
805 4045 881 4126 pro
904 4020 1148 4130 quingentis
1170 4019 1339 4104 florenis
1361 4018 1711 4130 hungaricalibus
1732 4020 1826 4130 puri
1847 4019 1949 4122 ami,
1985 4017 2064 4102 bo·

397 4169 452 4250 m
475 4147 517 4223 et
536 4137 636 4220 iusti
655 4135 865 4245 ponderis,
886 4165 1059 4244 pennos
1081 4164 1157 4247 pro
1178 4139 1372 4246 predicta
1391 4147 1537 4222 nostra
1558 4148 1601 4218 et
1621 4139 1763 4251 Regni
1783 4137 1950 4222 nostri
1935 4163 2061 4249 opor-

307 4251 503 4390 [utoni
504 4268 592 4351 tate
623 4267 666 4339 ct
684 4254 1013 4358 releuacione,'
1001 4283 1045 4337 ιιι
1085 4263 1236 4366 parata
1276 4257 1459 4367 pecunia
1495 4265 1538 4338 et
1557 4284 1660 4342 auro
1699 4255 1977 4341 effectualiter
1997 4255 2066 4340 ress

511 4513 549 4592 (¹)
570 4475 1238 4661 ExoriginalielosephiRusicceiitabula,
1250 4531 1306 4578 our
1295 4508 1571 4594 'sigillumdeeet,
1581 4510 1747 4577 Antonius
1763 4509 1991 4588 Muczkowslui
2005 4507 2058 4572 de·

407 4596 549 4695 scripsit.
564 4595 603 4662 In
619 4597 664 4662 alt
650 4605 720 4662 tera
732 4604 826 4682 parte
839 4605 876 4660 ta
900 4593 971 4661 ulae
980 4603 1169 4696 sequentem
1181 4607 1322 4664 veterem
1333 4593 1495 4695 'latinam
1486 4595 1733 4696 inscriptionem
1745 4594 1931 4681 legimus,
1935 4593 2059 4677 ,Litora

406 4682 585 4779 empcionis
600 4703 718 4748 oeneus
734 4681 877 4748 sedecim
890 4694 1071 4748 marearum
1096 4680 1131 4746 in
1145 4679 1339 4751 macellis·
1314 4703 1381 4748 sune
1407 4679 1520 4748 baucis
1550 4691 1700 4748 curtorum
1724 4682 1759 4746 in
1789 4679 1884 4748 Grac.
1901 4702 1931 4744 v
1935 4645 2067 4747 5000.

410 4789 480 4834 auru
470 4765 535 4830 'de
551 4767 693 4852 pondere
707 4765 756 4830 N⁰
766 4769 807 4834 09
829 4768 873 4832 Nl
889 4767 958 4833 199.
981 4765 1158 4835 Suttrina”
