4930 5922
998 743 1357 852 ¹-raa--

388 955 478 1033 tum
497 949 764 1028 reuocentur.
799 947 873 1019 aut
893 937 1130 1048 aliquorum
1160 942 1404 1052 excogitata
1434 942 1620 1046 malicia,
1651 946 1820 1028 iusticia
1848 948 2052 1032 innocon-

389 1065 501 1146 cium
521 1061 692 1171 penitus
714 1064 958 1159 concreatur,
979 1055 1037 1136 ad
1055 1057 1675 1168 reprimendamperuersorum
1704 1067 1947 1172 nequiciam
1975 1066 2054 1150 bc-

388 1206 625 1290 norumqus
660 1175 955 1258 innocencium
989 1175 1338 1259 conseruandam.
1370 1187 1414 1258 et
1433 1188 1482 1258 ut
1500 1178 1593 1259 iura
1629 1178 1855 1263 cuiuslibet
1887 1211 2054 1292 parma·
2095 1253 2101 1263 .

259 1359 265 1368 -
389 1309 518 1382 noant
537 1298 710 1398 illibata,
737 1293 959 1376 consueuit
978 1293 1128 1402 queuis
1148 1293 1317 1398 ydonee
1338 1297 1448 1376 actio
1470 1295 1689 1402 sollempni
1709 1298 1915 1405 scripture
1935 1303 2055 1382 testi-

389 1417 529 1500 monio
551 1417 714 1496 munita
733 1408 1055 1493 succedencium
1078 1411 1232 1490 noticia
1270 1412 1568 1516 commendari,
1604 1413 1721 1496 Hinc
1741 1425 1807 1496 ost
1826 1419 1943 1528 quod
1962 1418 2056 1502 Nos

390 1531 544 1614 Paulos
566 1531 633 1612 dei
654 1525 799 1641 gracie
837 1525 1132 1610 Oracouiensis
1168 1525 1406 1638 Episcopus
1443 1539 1588 1614 notum
1626 1530 1805 1614 tacimus
1835 1536 2055 1644 uniuersis,¹

335 1728 340 1740 ,
390 1658 630 1758 presentem
651 1649 832 1729 litteram
853 1646 1123 1754 inspecturis,
1145 1646 1259 1753 quod
1283 1675 1379 1730 cum
1398 1651 1509 1730 inter
1528 1648 1701 1731 Petrum
1722 1648 1947 1734 Rectorem
1969 1649 2054 1734 Ec-

391 1769 519 1850 clesia
541 1765 593 1845 do
614 1765 808 1848 Borcncw
830 1759 886 1871 (²)
918 1763 1088 1844 nomine
1120 1763 1296 1850 ecclesie
1329 1792 1403 1846 sue
1426 1775 1469 1847 et
1488 1792 1572 1847 suo.
1597 1793 1723 1875 super
1737 1767 1986 1852 iuramenta.
2010 1778 2057 1850 et
2138 1865 2141 1870 1

391 1891 549 1992 questu
583 1879 806 1964 iuramenti
843 1881 958 1988 quod
992 1878 1178 1960 Priscae
1199 1877 1254 1992 (³)
1296 1882 1528 1991 uulgariter
1565 1893 1834 1989 nuncupatur
1853 1886 1915 1966 in·
1948 1884 2055 1968 villis

390 1999 632 2106 Parrochyo
654 2025 728 2080 sue
751 1995 912 2079 scilicet
926 1996 1092 2104 Zapara
1112 1991 1333 2110 Slcmprop.
1351 1999 1515 2081 Zatrcw
1531 2025 1677 2106 paruo.
1695 1998 1859 2081 Zabrao
1881 2011 2059 2114 magnei
2104 2043 2110 2053 ·

364 2201 367 2206 ,
394 2114 644 2198 Crnaar'acua.
682 2115 866 2198 Zabawa.
903 2110 1101 2195 Pedicare
1137 2113 1369 2226 (Podlote).
1393 2125 1438 2198 et
1459 2113 1628 2198 Claroaci'
1641 2113 1709 2230 (⁴).
1744 2143 1795 2198 ex
1814 2143 1899 2199 vna
1918 2127 2052 2225 parte,
2169 2151 2180 2174 ,

394 2245 438 2316 et
455 2234 726 2342 Propositum
748 2243 790 2313 et
808 2230 1061 2339 Magistrum
1082 2232 1133 2312 de
1156 2229 1345 2314 Stcuatelc
1366 2262 1418 2315 ex
1439 2233 1569 2314 altera
1603 2233 1770 2317 nomine
1801 2229 1990 2340 ipsorum
2012 2244 2056 2316 ot

393 2350 640 2436 Conuentuo
661 2349 906 2454 Monasterij
928 2347 1156 2431 eorundem
1179 2353 1345 2458 questio
1366 2357 1610 2432 verteretur.
1642 2349 1827 2434 Petebat
1846 2351 2055 2460 siquidem

391 2465 580 2577 prefatus
616 2467 767 2552 Petrus
804 2466 970 2548 nomine
1007 2491 1083 2546 sue
1119 2465 1310 2548 Ecclesie
1334 2478 1377 2550 et
1397 2495 1473 2551 suo
1510 2467 1668 2549 dictum
1699 2467 1980 2550 iuramentum
2013 2477 2056 2550 et

266 2594 269 2601 '
393 2594 589 2700 questum
610 2584 833 2666 iuramenti
852 2579 942 2666 Sibi
966 2589 1009 2663 et
1028 2579 1220 2664 Ecclesia
1241 2609 1318 2666 sue
1339 2587 1382 2666 iu
1402 2583 1603 2694 predictis
1624 2584 1732 2668 villis
1750 2585 1994 2668 adiudicari.
2013 2595 2056 2666 ot
2082 2663 2090 2676 ,

391 2703 630 2786 nominatos
645 2701 911 2809 Propositum
935 2709 977 2782 ot
996 2695 1245 2808 Magistram
1263 2701 1318 2784 ad
1332 2703 1647 2786 restitucionem
1665 2699 1817 2812 prefati
1832 2702 2055 2812 iuramentj

393 2831 437 2906 et
458 2827 635 2929 questus
657 2813 806 2929 quasi)
827 2826 1138 2928 usurpauerant
1173 2821 1487 2929 condempnari.
1525 2818 1674 2932 que(‘?)
1698 2818 1752 2931 (⁵)
1775 2821 1947 2904 dicebat
1966 2831 2054 2902 tam

395 2939 446 3020 do
463 2937 559 3044 jure
581 2935 791 3042 communj
814 2963 944 3044 quam
962 2937 1012 3016 do
1031 2937 1336 3018 consuetudine
1355 2937 1592 3046 approbata
1609 2938 1665 3018 ad
1680 2952 1800 3018 suam
1815 2935 2054 3021 Ecclesiam

392 3055 615 3165 pertinere.
636 3051 789 3159 prefati
810 3059 953 3133 autom
972 3051 1215 3159 Propositus
1239 3063 1282 3134 ot
1300 3053 1507 3168 Magistra
1527 3056 1571 3135 in
1593 3058 1846 3138 contrmium
1880 3084 2054 3165 respon·
2132 3135 2134 3142 ,

395 3169 556 3286 debant
575 3170 691 3280 quod
714 3171 871 3251 dictum
886 3168 1167 3251 iuramentum
1186 3177 1227 3250 et
1242 3181 1420 3280 questus
1441 3171 1662 3254 iuramenti
1678 3171 1746 3254 vel
1756 3170 1945 3254 Priantae
1956 3172 2053 3286 (sic)

393 3293 438 3372 in
456 3291 541 3370 iam
563 3287 687 3368 dictis
707 3287 814 3370 villis
836 3286 892 3367 ad
912 3289 1034 3368 suurn
1056 3285 1359 3370 Mcrrasterium
1379 3289 1656 3398 pertinerent,
1694 3287 1922 3372 offerentes
1942 3317 1988 3374 se
2009 3291 2055 3371 id

394 3408 534 3516 ipsum
568 3404 819 3511 probaturos
849 3431 926 3513 per
945 3403 1159 3514 Priuilogij
1197 3403 1348 3486 seriem
1384 3405 1515 3488 felicis
1551 3407 1861 3491 recordacionis
1898 3407 2055 3489 domini

395 3521 544 3610 Wislai
580 3518 875 3604 Oraccuiensis
913 3517 1114 3628 Episcopi
1151 3521 1463 3630 predecessoris
1484 3525 1629 3606 nostri.
1651 3524 1768 3633 quod
1787 3523 2054 3631 priuilegium

395 3639 598 3722 dicebant
617 3665 663 3720 se
684 3638 726 3718 in
746 3637 852 3746 fuga
873 3635 1191 3719 Thartarorum.
1229 3637 1476 3744 perdidisse.
1513 3641 1591 3720 sod
1626 3666 1705 3720 nec
1741 3647 1941 3720 tenorem.
1973 3667 2052 3722 noc

393 3757 661 3840 amissionem
697 3755 906 3867 priuilegij
942 3754 1245 3864 probauerunt.
1291 3752 1387 3838 Lito
1409 3757 1539 3866 igitur
1557 3757 1664 3836 inter
1684 3763 1827 3862 partos
1847 3758 1891 3836 in
1911 3766 2056 3840 nostra

392 3874 612 3985 presencia
646 3873 832 3983 legitime
869 3881 1120 3957 contestata.
1159 3901 1255 3954 cum
1286 3898 1373 3957 non
1393 3881 1571 3955 restaret
1600 3872 1680 3955 nisi
1716 3872 1939 3955 diffinitiua
1960 3901 2056 3956 sen-

393 3993 533 4075 tencia
567 3988 820 4100 proferenda
842 3991 895 4072 de
915 4000 1059 4074 nostro
1095 3989 1362 4098 beneplacito
1386 4001 1428 4073 ot
1449 4013 1671 4074 consensu.
1703 3992 1799 4074 talis
1830 3992 1937 4073 inter
1961 4018 2054 4076 oos-

386 4109 508 4201 'dom
528 4135 671 4192 coram
706 4105 830 4230 nobis
866 4097 1111 4191 Amicabilis
1150 4107 1411 4218 Compositio
1441 4089 1679 4208 interuenit.
1713 4108 1830 4219 quod
1859 4109 2055 4192 videlicet
2079 4129 2103 4191 .·

497 4337 540 4419 (²)
561 4339 743 4414 Bodzancw
758 4333 884 4403 villain
900 4336 1035 4422 antiquo
1059 4335 1276 4409 Cracovionsi
1291 4339 1472 4426 palatinatu
1486 4339 1634 4427 regionis
1650 4337 1936 4425 Szczyrzocensis,
1952 4330 2062 4422 paro-'
2165 4375 2171 4384 -
2234 4353 2239 4368 ·

393 4417 488 4488 chiac
503 4422 903 4507 vero‚Bodaanowiensis,
919 4447 1006 4490 nune
1021 4426 1055 4490 in
1070 4425 1187 4512 Regno
1203 4423 1373 4492 Galliciae.

495 4508 539 4588 (³)
562 4505 718 4588 Primae,
736 4505 885 4574 Pariana
899 4509 1000 4596 vulgo
1012 4509 1205 4597 Pnycieino.

495 4589 539 4672 (⁴)
563 4589 676 4658 carta
699 4589 777 4655 villa
801 4591 924 4659 ibidem
948 4593 1109 4675 locorum,
1121 4592 1296 4678 proximai
1323 4595 1351 4659 si
1365 4595 1566 4660 monasterio
1583 4591 1824 4674 Staniatcensi3
1848 4601 1923 4659 sunt
1945 4593 2054 4675 etiam,

393 4673 449 4755 qui
463 4673 588 4756 dicum,
603 4675 839 4762 monasterium
851 4677 886 4742 in
899 4675 978 4742 villa
993 4679 1114 4760 Circei,
1130 4699 1197 4742 non
1212 4677 1247 4741 in
1261 4617 1339 4741 vida
1354 4677 1523 4761 suntque,
1539 4677 1745 4742 aedificatum
1761 4698 1845 4743 esse.

495 4761 540 4840 (ὅ)
560 4755 683 4842 Verba,
697 4768 778 4845 post
793 4782 876 4860 quae
892 4762 1022 4850 signum
1036 4760 1308 4849 interrogatioiris
1322 4761 1504 4848 posuimus,
1516 4763 1550 4828 in
1563 4759 1745 4847 archetypo
1760 4783 1822 4846 per
1836 4761 2052 4830 abbreviatio·

391 4861 466 4907 nem
480 4851 606 4909 tantum
621 4867 641 4931 q
656 4852 732 4911 sunt
747 4854 882 4931 scripta
1664 4899 1666 4906 ,
1866 4883 1869 4890 ·
