4952 5926
1091 738 1321 812 ...r-

436 935 638 1046 temporis
660 935 716 1018 ed
735 933 927 1020 mensam
947 963 1087 1020 meam
1113 935 1432 1043 pertinentibus.
1467 969 1648 1052 quarum
1670 949 1843 1032 nomina
1863 950 2037 1038 subdita

434 1064 546 1136 sunt.
580 1052 788 1162 slotnijki.
821 1053 1070 1163 Scothnijkj.
1102 1053 1464 1142 Rambiesczicze.
1504 1061 1754 1150 laesochow.
1796 1064 2038 1166 Zarezicne.

389 1217 394 1224 ·
434 1169 739 1282 Sdanowijone'.
761 1171 1075 1267 Qhaczewicne.
1096 1170 1273 1258 Bresno.
1293 1170 1440 1284 Bregij
1458 1175 1535 1286 (¹).
1565 1176 1678 1266 Dedi
1700 1183 1835 1264 eciam
1856 1213 1953 1270 curn
1966 1215 2040 1272 ee·
2064 1258 2068 1267 .

434 1288 532 1372 dem
553 1291 720 1374 decima
741 1289 877 1374 eidem
914 1289 1157 1374 ecclesieet
1176 1288 1375 1375 fratribus
1394 1293 1438 1376 in
1461 1321 1512 1378 ea
1533 1293 1614 1382 deo
1636 1299 1929 1386 servientibus.
1961 1304 2038 1390 he·

431 1407 656 1490 reditatem
676 1417 825 1492 totam.
847 1435 977 1518 quam
987 1405 1119 1490 habui
1141 1435 1191 1490 ex
1212 1415 1334 1514 parte
1354 1413 1529 1521 cognati
1548 1412 1645 1520 maj.
1667 1415 1739 1498 eui
1757 1443 1915 1504 nomen
1947 1430 2038 1504 erat

432 1519 837 1634 amensamens.
860 1522 925 1636 (υ)
947 1525 1030 1608 hoo
1053 1521 1911 1644 stiurjand.b10n1j0.seszre.'e010nrjanij.
1932 1520 2036 1624 mi>-
2088 1517 2095 1528 '

430 1641 563 1752 tnijkj.
584 1641 751 1725 lanche.
783 1641 1052 1726 Scowrodne.
1083 1637 1337 1749 Kaminkiej.
1370 1646 1470 1728 addi
1487 1643 1599 1758 ¹(sic)
1621 1649 1757 1732 eciam
1786 1652 1905 1736 villas
1926 1679 2035 1764 quas

431 1787 627 1846 emeram.
669 1760 935 1842 Dirensnam.
981 1757 1209 1842 Buzekow.
1252 1759 1491 1870 Tropisouo
1533 1761 1664 1848 Bella.
1700 1764 1887 1876 Besgen.
1929 1753 2035 1869 Quiss
2133 1783 2157 1871 ᾗ
2248 1860 2253 1868 ,

429 1905 614 1987 cumque
636 1905 740 1987 ergo
762 1877 924 1985 aliqnid
944 1876 998 1960 de
1015 1875 1109 1958 istis
1132 1875 1326 1984 omnibus
1348 1878 1579 1966 abstulerit.
1600 1881 1669 1968 vel
1689 1882 1919 1991 dempserit
1937 1915 2035 1996 pre-
2185 1903 2187 1908 ’

427 2004 494 2077 ter
513 1994 775 2080 voluntatem
794 1993 991 2077 Abbatis.
1015 2002 1058 2078 et
1077 1992 1253 2078 fratrum
1274 1996 1501 2080 anathema
1521 1997 1588 2082 sit
1609 1997 1659 2084 In
1678 2003 1847 2086 nornine
1860 2003 2033 2090 domini.

488 2113 586 2222 Ego
596 2110 746 2198 Gedeo
759 2112 1055 2198 Oracoviensis
1064 2110 1316 2218 Episcopus.
1330 2111 1428 2198 dedi
1440 2113 1533 2198 deo.
1547 2114 1725 2202 stbeate
1737 2119 1890 2227 virgini
1899 2118 2034 2206 Marie

428 2240 471 2316 st
491 2239 640 2314 sancto
660 2227 897 2314 Adalberto
919 2237 964 2310 et
983 2227 1182 2312 fratribus
1206 2228 1258 2312 de
1279 2226 1519 2316 Andrzeow
1548 2233 1592 2318 in
1625 2238 1954 2320 consecracione
1984 2239 2033 2322 il·

392 2412 400 2421 .
425 2346 505 2432 lius
525 2347 719 2430 Ecclesia
757 2348 967 2430 decimam
988 2346 1045 2457 ad
1063 2371 1256 2430 mensam
1275 2373 1414 2432 meam
1442 2351 1723 2456 pertinentem
1754 2353 1939 2436 omnium
1961 2381 2033 2438 eu-

336 2499 339 2504 ·
425 2466 754 2574 prascriptamm
774 2466 979 2550 villarum,
999 2463 1321 2572 inEpiecopetu
1340 2491 1437 2551 meo
1461 2465 1668 2550 duntaxat
1686 2469 1932 2575 positarum.
1955 2469 2032 2556 ad·

428 2579 515 2692 didj
537 2583 673 2664 eciam
693 2582 904 2666 decimam
922 2581 1020 2664 viile
1029 2579 1252 2664 cuiusdam
1272 2607 1356 2690 que
1378 2584 1501 2668 sedet
1519 2585 1855 2692 superindilram.
1877 2587 1921 2671 in
1942 2614 2032 2696 qua

425 2699 578 2782 sedent
596 2699 767 2808 Oonarij
790 2697 846 2812 (⁴)
869 2701 963 2782 due:
987 2695 1084 2810 (sic)
1107 2699 1191 2782 hoc
1215 2707 1281 2782 est
1299 2699 1409 2784 inter
1427 2701 1569 2786 villam
1598 2699 1780 2786 filiorum
1809 2702 2029 2816 Bugiwoz.

334 2801 348 2830 ’
426 2819 629 2902 etvillam
649 2817 897 2928 Nijegoslei.
932 2812 1202 2927 Quicumque
1225 2843 1330 2925 ergo
1354 2818 1518 2928 aliquid
1536 2818 1591 2902 de
1609 2817 1703 2902 istis
1734 2819 1929 2907 omnibus
1952 2819 2031 2906 ab·
2141 2917 2148 2932 ,

423 2937 598 3019 strlerit.
619 2935 689 3020 vel
710 2933 941 3044 dempserit
959 2942 1100 3042 preter
1111 2933 1377 3018 voluntatem
1394 2934 1583 3022 Abbatis
1601 2945 1646 3018 et
1664 2934 1840 3046 fratrum
1852 2932 2030 3022 anathe-

422 3083 494 3136 ma
514 3057 580 3137 sit.
613 3053 844 3164 Utriusque
866 3051 1151 3161 suprascripte
1174 3051 1434 3135 donacionis.
1466 3054 1587 3134 testis
1623 3062 1688 3135 est
1719 3054 1912 3138 dominus
1945 3053 2031 3138 dux

421 3170 788 3258 Mascudominus
799 3167 1520 3276 Karimir'usAbbaaTijnijecensis.
1545 3169 1696 3256 Abbas
1710 3161 2029 3256 decalvomon·

309 3289 311 3292 ’
419 3301 476 3373 te.
499 3283 1228 3399 AbbasdeSehehow(sic).Abbas
1253 3285 1479 3373 deLehna.
1494 3286 1816 3372 dominusAiax.
1835 3288 2027 3372 dominus

422 3402 706 3518 resonasse)
719 3403 985 3490 Gneomirus.
1009 3403 1265 3514 Stephanus.
1287 3403 1495 3490 Jacobus.
1517 3405 1548 3489 J
1550 3431 1723 3510 oannes,
1746 3407 1921 3490 etmulti
1943 3405 2025 3513 alij.

463 3523 556 3608 Nos
601 3523 748 3636 itaque
791 3521 1088 3632 Sigismundus
1136 3521 1235 3608 Rex
1286 3520 1488 3632 prefatus.
1531 3523 1836 3638 supplicacioni
1874 3549 2027 3630 preno-

358 3641 505 3724 minati
534 3637 805 3724 'venerabilis
846 3635 1010 3726 Alberti
1054 3637 1237 3722 Abbatis
1281 3637 1471 3748 benigne
1519 3649 1765 3721 annuentes.
1816 3637 2027 3749 simulque

358 3787 435 3870 pro
475 3785 527 3850 eo
562 3759 715 3849 sudio.
752 3755 872 3871 quod
908 3757 1099 3867 exemplo
1133 3757 1338 3849 maiorum
1368 3766 1606 3847 nostrorum
1635 3758 1680 3843 in
1712 3755 2027 3866 ecclesiane

360 3878 559 3988 gerimus.
599 3881 845 3987 prospicere
883 3876 1089 3961 volentes.
1130 3903 1184 3958 ne
1224 3876 1309 3960 hoo
1348 3872 1502 3984 infelicj
1519 3925 1524 3934 -
1542 3881 1735 3983 tempore
1776 3883 2026 3958 senescente

460 4107 503 4192 (¹)
522 4105 630 4176 Villae
645 4130 665 4172 a
678 4107 808 4174 Joanne
823 4117 1022 4173 memoratae
1049 4115 1125 4174 sunt
1143 4105 1306 4172 territorii
1328 4115 1361 4171 et
1376 4105 1525 4193 regionis
1539 4103 1739 4172 Kieloeneis:
1766 4105 1917 4187 limanici,
1946 4104 2025 4174 villa

358 4193 436 4257 anm
449 4191 678 4260 ecclesiastice
691 4213 777 4260 nune
790 4191 1005 4292 paroehialis,
1022 4179 1169 4278 Zarcryee
1182 4193 1324 4280 mniejrae
1342 4195 1354 4255 i
1375 4195 1506 4270 autera·
1515 4191 1732 4276 Remoimya,
1756 4189 1835 4256 ville
1848 4189 2024 4273 parochia·

356 4275 410 4356 lis,
424 4277 590 4346 Loroclrow
604 4275 647 4342 ad
660 4277 852 4362 parochram
866 4275 1136 4345 Kozlowieusem
1149 4275 1329 4361 pertinens.
1372 4275 1532 4362 Regionis
1548 4296 1628 4338 vero
1644 4273 1931 4357 dedrzejoviensis
1947 4286 2023 4342 sunt

357 4359 453 4426 villae
469 4361 586 4449 Brzeyi
600 4365 613 4442 (
639 4359 830 4439 arochielis)
843 4382 918 4425 cum
933 4361 1080 4438 Brzezna·
1095 4361 1278 4426 Zdonowr'ce
1293 4356 1371 4422 olim
1386 4357 1616 4425 ecclesiastiea
1629 4355 1714 4428 villa¹
1726 4355 1905 4441 parochiae
1926 4357 2021 4428 Cier-

356 4443 481 4512 nensis.
504 4384 645 4511 scottiis·
656 4445 748 4522 ticio,
764 4445 850 4511 male
862 4447 875 4509 i
888 4445 1011 4519 wielkia
1028 4443 1176 4534 regionis
1193 4439 1434 4512 Stobnioensis.
1599 4525 1606 4539 .
1774 4522 1781 4536 .

460 4529 503 4610 (⁸)
523 4527 753 4596 Muczkowski
763 4527 855 4618 legit:
872 4529 1003 4612 Becare,
1014 4525 1048 4593 id
1060 4529 1271 4608 estBozante,
1288 4525 1347 4592 sed
1358 4535 1470 4593 certus
1483 4547 1550 4590 non
1562 4525 1633 4606 furt,
1650 4545 1691 4588 an
1705 4522 1805 4588 leena
1822 4544 1901 4589 vera
1915 4531 2022 4594 esset?

363 4693 371 4702 ,
458 4631 501 4714 (⁴)
522 4629 635 4696 Debet
649 4650 735 4696 esse:
751 4631 869 4696 rorarii
882 4629 950 4695 duo.
963 4627 1261 4713 Coneriipoloni'ce‚
1276 4629 1376 4718 vulgo
1392 4631 1547 4696 Kouicrze
1562 4621 1781 4690 nominativus
1788 4623 1931 4774 pluralis
1945 4625 2021 4710 (de-

354 4715 494 4780 rivatum
509 4715 610 4798 eicon,
623 4715 742 4800 equus)
753 4725 830 4778 sunt
843 4735 1137 4814 genuspservorom
1151 4713 1194 4780 ad
1206 4735 1310 4802 equos
1324 4709 1563 4782 custodiendos
1575 4707 1780 4798 destinatum.
1819 4709 1907 4778 atine
1923 4733 2021 4802 saepe

353 4798 512 4870 koniarze
526 4822 673 4888 sperones
690 4795 854 4886 appellati·
