4930 5922
1087 697 1370 800 '-rs-

412 929 528 1045 quod
548 959 625 1016 nos
646 928 854 1014 Bolezaus
878 921 974 1039 (sic)
998 923 1065 1006 dei
1086 927 1233 1036 gracia
1263 925 1487 1042 Oracouie¹
1504 934 1549 1010 et
1578 927 1842 1015 Sandomirie
1863 934 1962 1018 Dux
1982 940 2075 1022 vni-

410 1052 544 1134 uersis
589 1049 746 1133 Christi
785 1043 982 1126 fidelibus
1003 1044 1046 1123 in
1068 1070 1195 1125 omne
1221 1046 1423 1134 ¹seculum
1460 1073 1637 1154 presens
1678 1054 1836 1158 pariter
1877 1065 1920 1135 ct
1958 1057 2075 1139 futu·

409 1165 501 1250 rum
531 1162 1010 1274 presentibus··iacimus
1041 1161 1309 1244 manifestum
1342 1164 1458 1272 quod
1472 1157 1478 1168 ’
1493 1163 1735 1252 Dobezlaus
1749 1169 1867 1250 -filius
1891 1169 2074 1258 Sudonis

299 1289 307 1300 '
410 1295 455 1370 et
473 1280 732 1365 Benedictus
770 1281 881 1362 filius
917 1277 1136 1360 Bresciani
1155 1281 1200 1359 in
1219 1281 1443 1388 presencia
1476 1293 1623 1364 nostra
1658 1289 1875 1370 constituti
1908 1289 2073 1380 Sortem

407 1431 535 1486 vnam
556 1403 598 1496 in
618 1402 718 1483 uilla
749 1397 945 1480 Lutouicl
975 1401 1142 1480 nomine
1163 1425 1249 1506 que
1270 1425 1384 1478 nunc
1418 1393 1639 1480 Cllmoalore
1662 1397 1716 1513 (¹)
1748 1407 1985 1513 appellatur
2003 1431 2073 1501 res
2095 1391 2098 1395 ⁸

405 1522 503 1603 licte
524 1520 593 1628 pic
615 1516 924 1601 recordacionis
962 1514 1138 1598 Comitis
1176 1513 1404 1597 Clementis
1441 1542 1516 1624 pro
1552 1515 1768 1602 Domo'de
1793 1525 1976 1608 Staseas
1994 1557 2072 1637 pro

406 1639 559 1748 viginti
576 1637 731 1718 marcis
753 1633 835 1715 fusi
854 1633 1137 1714 vendiderunt
1173 1633 1340 1740 argenti
1360 1633 1449 1714 iure
1470 1634 1723 1721 hereditario
1754 1645 2069 1747 possidendam.

406 1755 533 1838 Unde
552 1781 608 1835 ne
629 1781 718 1863 qua
736 1755 997 1861 inposterum
1027 1777 1173 1860 super.
1191 1749 1431 1834 huiusmodi
1442 1752 1703 1837 -vendicione
1723 1763 1860 1864 possit
1880 1763 1975 1845 oriri
1997 1791 2071 1848 ca-

404 1869 595 1982 lumpnia
612 1883 832 1979 presentes
854 1867 986 1952 nostri
1007 1868 1132 1976 sigilli
1152 1867 1380 1949 munimine
1401 1867 1580 1952 fecimus
1599 1873 1787 1957 roborari
1803 1880 2071 1985 presentibus

405 1993 487 2102 hijs
522 1993 702 2077 testibus
738 1988 926 2071 Fulcone
964 1983 1225 2067 Oancellario
1257 1995 1414 2069 nostro.
1466 1987 1673 2073 Nichclao
1695 1990 1885 2079 Palatino
1909 1990 2068 2084 Oracoss

407 2111 542 2195 uiensl
577 2103 744 2193 Jacobo
765 2105 896 2187 fratre
917 2102 1185 2184 eius'dudice
1223 2101 1511 2188 Oracouiensi.
1575 2106 1793 2192 Clemente
1816 2111 1901 2196 filio
1922 2109 2068 2203 Marci
2204 2149 2206 2153 ·

405 2228 580 2314 Marcho
616 2225 745 2309 frene
781 2225 868 2305 eius
905 2221 1188 2330 subpincerna
1220 2218 1505 2304 Oracouiensi.
1556 2223 1761 2308 Michaele
1797 2229 2070 2340 subdapifero

406 2345 682 2431 Oracouien'si
720 2351 764 2423 et
783 2340 873 2448 alijs
896 2337 1243 2450 quampluribus
1304 2337 1464 2469 Datum
1502 2340 1708 2426 Oracouie
1751 2343 1875 2431 Anno
1913 2345 2069 2435 domini

406 2463 482 2548 M⁰.
507 2461 615 2545 00⁰.
636 2459 754 2542 LIX.

512 2641 555 2726 (²)
566 2641 661 2794 ?Quis
675 2641 777 2727 igitur
793 2637 941 2705 dubitare
957 2627 1080 2724 potest,
1097 2637 1206 2705 villam
1222 2639 1387 2723 antiquam
1411 2625 1555 2708 Latouici
1579 2637 1699 2728 postea
1721 2646 1898 2716 Climontow
1918 2609 2068 2718 nomina·

405 2743 472 2796 tam
487 2736 567 2796 esse·

1067 3003 1068 3010 l
1125 3011 1351 3192 xxxvu.

411 3251 912 3358 Orucevtfflseric
930 3253 1099 3457 tentala
1097 3260 1242 3458 ²118?
1258 3260 1487 3340 octavae
1506 3199 2086 3376 Parcae-ldjdprilta

1239 3393 1405 3456 anno.

404 3560 677 3634 Boleslaus
697 3560 766 3632 ltux
787 3558 950 3632 tretonae
963 3561 997 3630 et
1011 3557 1215 3641 saloninae
1242 3559 1388 3635 uentu
1419 3561 1521 3634 noeti
1542 3562 1672 3651 sepulcri
1686 3563 1724 3637 le
1738 3563 1829 3640 done
1850 3567 2067 3635 Menaeni

841 3661 1017 3734 delorem
1035 3659 1066 3732 iu
1086 3659 1629 3750 ulripnrunonzmeurut(1).
1753 3671 1777 3696 ··

508 3837 560 3920 In
580 3835 747 3920 nomine
770 3835 927 3917 domini
947 3831 1097 3917 Amen.
1149 3833 1219 3915 Ad
1239 3843 1489 3942 perpetuam
1511 3831 1608 3946 (sic)
1631 3831 1837 3946 Quicquid
1859 3835 1956 3947 (sic)
1979 3835 2064 3922 Re·

406 3955 479 4069 gia
497 3953 673 4062 Majstas
694 3953 781 4034 suis
802 3951 998 4034 fidelibus
1019 3955 1129 4036 iusto
1149 3953 1220 4034 vel
1242 3955 1381 4037 denuo
1423 3953 1638 4056 concedit,
1671 3953 1739 4035 vel
1762 3954 1955 4062 jamdum
1984 3981 2062 4064 per

406 4075 534 4157 diwos
554 4070 878 4183 predecessores
900 4097 998 4153 suos
1022 4095 1272 4152 concessum
1291 4072 1478 4173 innovat,
1500 4069 1746 4154 corroborat
1767 4082 1808 4152 et
1829 4073 2063 4180 confirmat,

404 4191 528 4274 Idne
551 4221 573 4273 e
595 4189 796 4272 memoria
815 4185 1002 4270 humana
1024 4197 1271 4290 evanescat,
1292 4186 1508 4271 tenoribus
1528 4187 1741 4272 literarum
1772 4191 1975 4273 mandare
1988 4189 2064 4302 'Si-

404 4307 598 4422 gillisque
620 4293 843 4388 autenticis
866 4316 909 4389 et
928 4306 1106 4390 testibus
1128 4305 1211 4388 fide
1235 4301 1372 4417 dignis
1393 4303 1657 4414 perhennare
1679 4309 1919 4392 conswevit.
1959 4298 2064 4412 Pro·

383 4427 502 4508 -inde
546 4427 636 4512 Nos
671 4423 913 4509 Alexander
948 4436 1027 4509 etc.
1081 4421 1380 4534 Signifieamus
1410 4433 1493 4505 etc.
1546 4419 1769 4523 Quomodo
1806 4427 2059 4511 constitutus

281 4538 285 4549 '
404 4545 678 4651 personaliter
713 4571 856 4628 coram
891 4542 1013 4628 nobis
1050 4539 1313 4624 Venerabilis
1348 4539 1553 4654 Magister
1588 4539 1796 4626 Martinus
1830 4545 1882 4628 de
1904 4541 2062 4630 Rodum

507 4765 552 4850 (¹)
572 4765 623 4831 Ex
642 4787 768 4854 apogra
791 4767 835 4834 ho
852 4765 989 4850 quodin
1006 4761 1184 4830 Tabulario
1222 4763 1333 4832 ublico
1349 4767 1456 4855 Regni
1472 4767 1632 4857 Poloniae
1662 4767 1825 4856 (Metryki
1838 4769 1922 4850 lton,
1938 4767 2003 4834 vol.
2018 4771 2058 4835 21

311 4938 318 4947 ·
405 4849 462 4918 fol.
480 4849 537 4932 81)
551 4861 750 4935 asservatur,
766 4791 905 4920 doctiss.
919 4851 999 4917 Ant.
1013 4847 1209 4918 Muczkows
1236 4850 1243 4866 '
1260 4849 1447 4940 descripsit.
1464 4851 1563 4922 Confi
1574 4853 1764 4924 Miechovie
1778 4875 1854 4940 pag.
1873 4853 1944 4922 182.
2058 4867 2062 4874 ·
