4822 5924
1048 719 1327 804 -fllistf-

351 935 539 1011 nostram
580 949 717 1007 novas
757 919 1016 1004 fundationis
1036 919 1081 1000 in
1104 918 1293 1002 Stamina
1325 915 1380 1031 (¹)
1410 921 1455 1000 in
1481 915 1608 1002 metis
1647 919 1807 1015 Terrae
1850 919 2030 1018 rlostrac·
2079 937 2104 1028 f
2282 1015 2288 1022 ,

286 1039 305 1084 ⁵
354 1043 648 1130 Cracoviensis
668 1050 713 1124 st
732 1038 899 1138 incolas
919 1041 963 1146 in
985 1065 1038 1120 ea
1059 1037 1266 1148 degentes
1288 1064 1365 1145 pro
1379 1037 1679 1120 'consolatione'
1709 1037 1917 1148 ipsorum,
1938 1043 2025 1152 ·qui
2174 1087 2178 1098 ,

232 1221 235 1238 .
352 1181 436 1272 pro
450 1171 549 1244 tame
570 1161 615 1240 in
636 1159 741 1269 ipsa·
761 1156 916 1240 brerint
943 1156 1118 1266 speciali
1138 1159 1181 1237 in
1203 1181 1280 1238 suo
1293 1155 1408 1240 ¹Jurc
1429 1152 1772 1240 'debite-limitato
1794 1183 2024 1242 commvn-
2118 1203 2123 1210 ·

300 1353 304 1359 .
350 1308 398 1364 re
418 1279 629 1381 volentes,
662 1279 848 1387 gratiose
880 1300 1045 1358 exnunc
1068 1272 1151 1358 dus
1173 1271 1489 1356 Theutonicum
1504 1271 2023 1388 'quodMaydeburge'nse

353 1387 516 1500 dicitur,
537 1422 624 1505 quo
648 1395 811 1506 gaudet
833 1393 996 1480 Civitas
1017 1401 1164 1475 nostra
1185 1391 1502 1490 Cracoviensis,
1535 1419 1632 1472 cum
1653 1391 1811 1476 [rancis
1832 1393 2023 1478 Franco-
2045 1499 2050 1510 Ι

218 1591 220 1594 ,
324 1507 459 1598 'nicta
480 1515 640 1597 ibidem
661 1513 973 1614 mensurandis,
1002 1510 1157 1615 damus
1190 1510 1350 1591 eisdem
1380 1509 1596 1618 perpetuis
1627 1511 1887 1620 temporibus
1917 1511 2042 1627 inibi¹

354 1635 620 1736 duraturum,
656 1629 942 1714 Removentes
976 1627 1135 1712 ibidem
1172 1631 1313 1712 omnia
1349 1626 1458 1710 dura
1493 1627 1769 1732 Polcnicalia,
1807 1631 1954 1715 modos
1976 1635 2027 1711 st
2089 1703 2101 1726 ‚

352 1751 680 1837 consuetudines
716 1743 957 1852 universas,
995 1772 1108 1855 quae
1142 1749 1282 1856 ipsum
1313 1743 1394 1827 dus
1417 1746 1733 1844 Theutonicum
1769 1748 2021 1856 perturbare
2138 1845 2142 1856 ,

353 1877 675 1954 consueverunt.
728 1865 959 1948 Eximimus
994 1859 1165 1974 insuper
1187 1873 1229 1944 et
1247 1872 1451 1973 perpetuo
1488 1864 2027 1972 liberamuslidrccatum,

356 1987 584 2088 Consules,
626 1984 841 2068 Scabinos
859 1995 903 2068 et
923 1997 1067 2068 omnes
1087 1979 1256 2066 «Incolae
1289 1981 1485 2067 Civitatis
1507 1979 1678 2067 nostras
1698 1985 1944 2092 praedictae
1963 1986 2028 2070 ab·

356 2104 551 2189 omnibus
593 2101 792 2205 duribus,
834 2101 1231 2202 durisdictionibus,
1273 2101 1561 2208 potestatibus
1577 2101 1794 2211 et‘posn'is
1835 2103 2028 2212 oninium.

353 2223 661 2324 Palatinorum,
699 2219 1055 2332 Castellanorum,
1071 2291 1072 2294 γ
1091 2216 1314 2322 dudicum,
1354 2217 1635 2304 Subiddicum
1666 2219 1807 2332 Regni
1826 2224 1961 2305 nostri
1980 2233 2023 2303 et

352 2339 687 2425 Ministerialium
719 2337 975 2446 eorundem,
997 2337 1070 2418 'ita-
1099 2333 1380 2444 quod'coram
1400 2340 1503 2448 ipsis
1512 2337 1593 2420 uel
1616 2366 1762 2422 eorum
1776 2340 1923 2449 aliquo
1944 2348 2022 2446 pro
2129 2356 2145 2398 “·

355 2457 684 2567 quibuscunque
707 2453 971 2540 Causistsm
993 2444 1161 2565 magnis
1185 2481 1314 2567 quam
1335 2449 1501 2564 parvis,
1518 2463 1634 2565 puta:
1657 2455 1769 2562 furti,
1789 2459 2022 2567 sanguinis,

355 2577 582 2683 homicidy,
603 2574 800 2682 incendy,
819 2571 1106 2674 membrorum
1137 2573 1491 2678 mutilationibus,
1515 2583 1557 2655 et
1577 2575 1670 2684 alys
1693 2574 2026 2686 quibuscunque
2136 2645 2142 2649 .

357 2695 488 2796 citati,
509 2693 677 2774 minime
698 2688 981 2806 respondere,
1002 2702 1078 2774 aut
1097 2690 1265 2801 aliquas
1279 2717 1450 2802 poenas
1471 2693 1632 2774 solvere
1653 2693 1926 2796 tenebrantur,
1947 2693 2026 2776 sed

222 2803 225 2810 ’
355 2821 525 2896 tantum
546 2809 716 2894 Incolae
739 2837 883 2894 coram
903 2810 1146 2912 AdvocutO,
1169 2809 1448 2921 Consulibus,
1481 2807 1886 2920 S'cabinisipsorum
1909 2810 2023 2896 Civi-
2120 2822 2123 2834 ’
2214 2809 2220 2820 ’

357 2933 456 3012 tatis
471 2925 667 3018 Civitatis
679 2926 778 3039 (sic)
790 2938 967 3036 nostrae·
982 2925 1220 3036 praefatae,
1244 2930 1323 3037 qui.
1339 2955 1414 3036 pro
1436 2937 1626 3038 tempore
1643 2928 1808 3033 fuerint,
1825 2929 2023 3014 Advoca-

251 3111 258 3118 .
324 3043 330 3050 ’
355 3058 423 3130 tus
444 3072 564 3149 vero,
582 3045 807 3150 Consules,
825 3045 1002 3140 Scabini
1022 3043 1280 3128 memoratae
1302 3057 1472 3130 nostrae
1496 3047 1701 3135 ‘Civitatis
1723 3075 1864 3131 coram
1887 3047 2022 3150 n'obis,

321 3200 334 3226 =
356 3166 455 3246 dum
476 3173 619 3245 tamen
640 3191 717 3272 per
736 3165 899 3247 literam
921 3173 1110 3247 nostram
1133 3163 1298 3247 evocati
1319 3161 1493 3266 fuerint,
1513 3175 1616 3247 tunc
1639 3165 1689 3248 dc
1706 3193 1752 3247 se
1769 3165 2022 3277 quaerulan·

355 3283 469 3366 tibus
490 3281 858 3366 suo-nihilominus
883 3282 990 3394 Jure
1014 3282 1251 3365 Teutonico
1283 3279 1645 3393 Maydeburgensi
1665 3285 1921 3394 respondere
1942 3285 2025 3370 sint

356 3401 560 3484 adstricti.
613 3400 663 3482 In
686 3399 838 3484 Causis
875 3411 1018 3482 autem
1055 3397 1353 3516 Cr‘miuabbus
1377 3409 1419 3482 et
1442 3400 1694 3509 capitalibus
1726 3406 1919 3510 superius
1953 3429 2023 3484 ex·

353 3520 531 3628 pressis,
568 3516 814 3623 Advocat0,
853 3517 1048 3628 Scabinis
1073 3431 1391 3606 chonffullbus
1430 3515 1625 3604 Oiv'itatis
1663 3531 1835 3606 nostrae
1855 3521 2023 3632 praedi-

355 3648 449 3720 ctae
476 3635 746 3722 Scavinensis
768 3638 1000 3746 iudicandi,
1023 3637 1385 3734 sententicnandi,
1416 3639 1729 3743 condemnandi
1750 3649 1791 3722 et
1809 3639 2021 3750 puniendi,

354 3745 527 3866 plenam
558 3763 601 3835 et
632 3753 914 3840 omnimodam
940 3753 1241 3838 'concedimus‘
1273 3749 1562 3860 facultatem·
1588 3757 1721 3866 ‘prout
1761 3761 1898 3865 ipsum
1940 3754 2021 3837 dus

354 3873 685 3985 Theutonicum¹
711 3872 1365 3988 Maydeburgenseinomnibus
1402 3877 1488 3985 suis
1505 3973 1508 3983 Ι
1527 3875 1725 3987 clausulis
1752 3872 1952 3998 postulat
1972 3903 2001 3978 ⁴c

355 3988 544 4098 requirit.
574 3986 825 4095 'Praeterea
861 3978 1088 4104 statuimus
1110 4003 1157 4076 ut
1179 3981 1230 4074 da
1254 3985 1460 4108 omnibus¹
1484 3989 1643 4075 Lancia
1666 3971 1904 4103 *quicquid
1920 3983 2002 4102 (sic

356 4109 583 4194 habuerint
601 4109 713 4190 intra
731 4109 883 4212 limites
922 4111 1062 4216 dictae
1101 4102 1317 4213 Civitatis,
1354 4105 1554 4224 videlicet
1575 4108 1629 4192 ab
1652 4111 1734 4193 ista
1754 4119 1876 4220 parte
1906 4111 2024 4220 fluvy

167 4246 175 4268 ‘
325 4263 328 4268 Δ
355 4229 458 4314 dicti
480 4225 671 4318 Slcurcrbc
689 4249 837 4315 versus
860 4225 1113 4312 Cracoviam
1133 4253 1210 4334 per
1230 4229 1415 4313 mediam
1444 4229 1842 4330 maroamPolonici
1863 4232 2023 4312 numeri

125 4357 131 4368 '
345 4351 518 4434 ·=rat÷·one
556 4343 722 4433 Census
757 4344 881 4432 nobis
905 4355 948 4428 et
964 4344 1122 4444 nostris
1147 4342 1494 4451 Successoribus,
1516 4349 1680 4438 ratione
1712 4375 1812 4432 vero
1835 4348 2026 4430 decimae

355 4491 432 4552 sax
450 4475 593 4553 scotos
614 4491 859 4576 grossorum
890 4463 1174 4575 pragensium,
1202 4465 1386 4576 singulis,
1412 4468 1535 4576 annis
1556 4467 1599 4547 in
1619 4455 1894 4580 Festo'Bcati
1913 4463 2024 4555 Mae
2175 4559 2180 4564 ,
2298 4569 2306 4576 ,

355 4575 739 4690 taruennensis,
761 4584 833 4672 cui
854 4583 905 4670 de
924 4581 958 4668 J
959 4611 1035 4666 ure
1056 4579 1295 4687 debuerint,
1326 4583 1598 4686 solvere-sint
1616 4586 1820 4671 adstricti.
1864 4580 1941 4668 'Ab
1963 4583 2025 4666 al-

460 4840 499 4921 l')
524 4840 683 4926 Stamina,
700 4841 857 4928 oppidum
873 4841 1064 4928 parochiale
1080 4843 1113 4908 in
1130 4843 1349 4913 cracoviensi
1362 4843 1756 4931 regicnsjcmsalblb„
1794 4885 1807 4934 i
1888 4893 1893 4904 .
