4856 5932
1131 717 1476 794 -roe-,

446 923 509 1030 ztir
531 921 633 1006 feria
652 932 771 1004 sexte
791 921 982 1034 proxime
998 929 1097 1003 ente
1118 921 1405 1005 Pentecostes.
1429 917 1564 1018 ,Anno
1584 916 1739 1002 domini
1757 913 1975 1002 Millesimo
1994 942 2103 1026 quo-

447 1042 774 1153 dringentesimo
796 1037 1086 1152 octuagesimo
1106 1040 1241 1124 Nono.

548 1219 762 1302 Lulraucz
785 1218 1165 1308 Viceeanoellerius
1186 1211 1429 1334 subscripsi.

1000 1485 1003 1493 ,
1124 1385 1302 1471 Releeio
1322 1384 1576 1469 venerabilis
1597 1381 1802 1496 Gregorij'
1815 1345 1866 1470 de
1888 1383 2097 1470 morasca

983 1627 1005 1682 ·
1124 1504 1266 1616 Regni
1289 1503 1464 1590 Pelonie
1485 1503 1841 1614 Vieeoeneellerij.

1010 1995 1021 2018 ·
1146 1963 1401 2081 ooxxxu.

588 2295 590 2302 .
707 2221 1074 2310 craeomae-
1088 2219 1181 2326 ste,
1206 2135 1285 2308 eo
1311 2221 1452 2326 mure
1479 2113 1633 2311 reso
1658 2239 1825 2306 anm.
1878 2179 1879 2184 ‘
1935 2221 1937 2226 ·

444 2445 669 2517 lssrrnes
692 2440 902 2516 Amor-ts
919 2443 1050 2512 Tamen
1075 2441 1231 2532 poturus
1259 2441 1472 2528 erreoriusis,
1500 2441 1803 2534 regnassemus
1817 2441 2099 2532 austronotus

688 2538 1095 2636 numerusnumerous
1108 2543 1307 2632 satisfecisse,
1325 2561 1426 2618 eorm
1437 2540 1593 2636 jutieitus
1607 2544 1784 2636 nument
1801 2547 1852 2626 (¹).

546 2756 635 2844 Nos
656 2753 858 2840 Nieoleus
881 2753 1072 2836 Stltusel
1084 2753 1135 2836 de
1145 2749 1385 2864 Byolorzow
1402 2751 1457 2866 (⁹)
1467 2753 1599 2863 judex
1622 2760 1663 2834 et
1684 2751 1905 2838 Johennes
1939 2757 1994 2841 de
2009 2757 2101 2842 Me·
2160 2765 2174 2838 j

442 2878 517 2960 iori
540 2871 781 2986 Modluijozo
800 2870 1088 2989 (³),subiudex
1123 2882 1231 2956 terre
1254 2873 1538 2956 ereoouiensis
1575 2873 1808 2986 generales.
1862 2873 2090 2992 Significa-

443 3023 535 3078 mus
555 3005 701 3079 tenore
721 2995 989 3106 presencium
1011 2987 1167 3100 quibus
1198 2991 1368 3102 expedit
1389 2992 1594 3075 uniuersis
1629 2991 1898 3106 presentibus
1921 3003 1964 3077 et
1983 2993 2100 3079 futir-

327 3197 333 3222 ,
444 3117 498 3198 ris
520 3113 788 3224 presencium
809 3112 1007 3198 noticiam
1029 3109 1249 3196 habituris.
1283 3105 1504 3212 Quomodo
1528 3111 1627 3194 dum
1649 3119 1693 3196 et
1714 3113 1887 3226 quando
1911 3107 2099 3198 Craeour'e
2123 3144 2154 3166 ¹·

443 3235 485 3316 in
506 3233 621 3315 ouria
642 3231 895 3316 serenissimi
924 3230 1124 3344 principis
1149 3239 1192 3313 et
1215 3231 1370 3340 dominj
1389 3229 1544 3342 dominj
1561 3231 1762 3344 Kazimirj
1781 3233 1846 3315 dei
1859 3233 2100 3348 greoiaRe-

445 3355 511 3466 gis
531 3351 703 3437 Polonie
724 3360 805 3435 etc.
827 3349 1076 3434 iudicialiter
1096 3378 1172 3460 pro
1194 3348 1391 3433 tribunali
1410 3348 1715 3456 residebamus,
1737 3352 1909 3438 tandem
1925 3355 2100 3442 veniens

442 3471 718 3584 personaliter
738 3467 992 3582 magnificus
1013 3466 1044 3551 J
1046 3470 1235 3555 ohannes
1257 3467 1387 3553 Amor
1410 3468 1462 3552 de
1486 3469 1679 3552 lteruow
1700 3470 1932 3559 Palletinus
1954 3501 2100 3560 eruco·

443 3593 598 3680 uiensis
619 3591 881 3702 recognouit:
899 3589 1000 3702 quie
1021 3587 1101 3674 sibi
1117 3589 1411 3674 serenissimus
1427 3589 1684 3704 princepset
1699 3590 1891 3676 dominus
1909 3591 2100 3676 dominus

419 3711 680 3798 -Kazimirus
703 3709 771 3792 dei
791 3711 938 3822 gracia
958 3707 1049 3794 Rex
1069 3709 1243 3796 Pelonie
1267 3715 1347 3794 eto.
1370 3735 1446 3822 pro
1469 3707 1662 3794 omnibus
1681 3708 1846 3816 debitis,
1868 3707 2100 3824 obligseio-

442 3829 655 3938 nibusque
677 3839 720 3914 et
733 3827 984 3918 florenorum
1007 3830 1178 3913 summis
1200 3825 1528 3944 quibuscunque
1567 3837 1609 3911 et
1629 3829 1848 3939 presertim
1882 3855 1957 3938 pro
1994 3859 2098 3914 ven-

446 3951 609 4034 dicione
644 3947 851 4034 bonorum
888 3945 1180 4060 Stonislavyeze
1202 3945 1257 4058 (⁴)
1295 3956 1337 4029 et
1372 3955 1537 4060 partem
1573 3944 1670 4062 (sie)
1709 3943 1991 4058 Czczylrovpeze
2013 3947 2095 4032 sibi

550 4189 588 4267 (¹)
611 4183 664 4250 Ex
679 4179 831 4282 originali
846 4204 867 4245 e
881 4181 1182 4249 doetissimoVene.
1194 4183 1290 4248 Alex.
1304 4181 1552 4266 Meoiejowsoio
1561 4203 1735 4267 concesso,
1748 4181 1922 4272 descripsit
1930 4185 2099 4254 Antonius

446 4269 686 4342 Muozkowslri.
707 4265 857 4352 sginum
871 4287 971 4330 unum
986 4275 1068 4348 eret,
1084 4287 1172 4332 nune
1185 4289 1265 4332 vero
1280 4265 1493 4332 desiderator.

550 4357 590 4438 ι’)
613 4355 804 4431 Bioloutw,
825 4350 903 4422 urbs
917 4350 951 4418 in
966 4352 1100 4438 regione
1115 4349 1317 4420 Konieeensi
1335 4350 1563 4433 (Konseensi),
1586 4354 1815 4440 Opoeznensis
1830 4355 2000 4434 territorii,
2016 4355 2101 4428 Sun-

446 4441 649 4514 domiriensis
663 4437 867 4530 provinciae.

551 4529 588 4610 ι’)
613 4523 784 4602 Modlnira,
798 4521 876 4588 villa
891 4521 1089 4610 paroehialis
1102 4523 1139 4587 in
1154 4523 1289 4610 regione
1306 4524 1442 4608 antique
1452 4521 1669 4592 Creeoviensr'
1685 4525 1808 4607 (loton
1831 4523 1873 4589 ed
1886 4523 1976 4591 illius
1990 4527 2100 4592 eoele-

447 4615 529 4680 siem
544 4613 638 4678 Mala
648 4611 813 4677 Modhrice
824 4608 861 4678 id
871 4619 921 4678 est
937 4607 1050 4686 Porro,
1066 4609 1164 4676 etism
1180 4609 1333 4695 pertinet.

551 4697 593 4777 (⁴)
614 4693 826 4762 Stunislawr'oe
838 4705 872 4759 et
887 4693 1040 4774 Citowirs,
1056 4693 1150 4761 villse
1170 4695 1204 4759 in
1218 4695 1374 4782 parochis
1389 4695 1479 4763 urbis
1502 4695 1604 4772 Utcie,
1630 4693 1788 4761 territorii
1814 4692 1890 4760 olim
1917 4693 2099 4784 Szezyrzy·

447 4782 554 4850 oensis
570 4779 804 4846 Orsooviensis
819 4779 1018 4866 provinciae.
1042 4777 1136 4846 Conf.
1153 4777 1296 4846 tabulam
1310 4780 1457 4870 proxime
1472 4789 1673 4864 sequentem,
1695 4777 1729 4844 in
1756 4800 1821 4863 qus
1841 4800 1898 4844 rex
1915 4777 2097 4862 Cesimirus

447 4869 539 4946 dixit,
563 4864 692 4931 eosdem
706 4863 799 4932 villos
814 4863 917 4932 oleris
932 4865 1224 4954 Niepolomioensis
1237 4877 1351 4954 partes
1365 4865 1476 4932 fuisse.
