4856 5932
1023 761 1091 798 .···
1144 719 1216 798 aot
1271 761 1322 782 -

347 927 547 1016 memorie
580 923 833 1013 venerabilis
854 955 907 1012 ac
926 913 1167 1038 Religiosus
1199 929 1262 1012 vir
1276 912 1488 1014 'dominus
1519 924 1730 1014 Ozczikus
1767 941 2009 1020 antecessor

348 1058 500 1135 noster·
522 1075 619 1130 cum
661 1045 889 1134 Conuentu
909 1074 987 1132 suo
1007 1047 1250 1158 Monasterij
1292 1047 1600 1134 Machouiensis
1623 1058 1666 1131 et
1684 1053 1938 1136 venerabilis
1960 1081 2012 1140 ac

350 1168 594 1278 Religiosus
614 1169 677 1251 vir
696 1165 826 1250 frater
855 1165 1040 1253 Mathias
1070 1168 1309 1278 prepositus
1341 1195 1438 1250 cum
1459 1195 1535 1252 suo
1559 1166 1786 1253 Ganuenta
1821 1173 2012 1257 sororum

350 1285 743 1374 Sanctimonialium
783 1285 1028 1397 Monasterij
1051 1286 1104 1368 de
1126 1286 1343 1396 Staacutby
1380 1287 1657 1372 amicabiliter
1699 1293 2013 1398 conuenientes,

347 1434 424 1520 pro
446 1405 633 1518 quodam
669 1414 813 1489 meatu
834 1431 911 1489 seu
930 1406 1112 1490 transitu
1145 1406 1262 1514 fluuij
1290 1404 1432 1512 Vale,
1456 1409 1530 1518 qui
1551 1408 1845 1494 circumdabat
1876 1435 2013 1524 quon·

349 1529 450 1612 dam
485 1524 671 1608 Insulam
708 1552 786 1608 seu
812 1525 970 1610 ‘siluam
993 1525 1050 1607 ad
1068 1523 1209 1609 villam
1244 1526 1490 1636 Monasterij
1526 1527 1658 1646 nostri
1689 1527 2013 1636 Machouiensis,

347 1645 509 1728 dictam
531 1645 802 1728 Μεσιασστίηο
821 1646 1103 1754 pertinentem-
1121 1671 1254 1755 seque
1270 1647 1314 1728 in
1329 1647 1503 1758 longum
1523 1673 1670 1732 versus
1690 1649 1831 1732 villam
1855 1650 2012 1734 dictam

355 1761 559 1876 Yyoloma'a
580 1760 635 1877 (θ)
658 1763 971 1878 extendentem,
992 1763 1128 1850 Cuius
1149 1765 1265 1872 fluuij
1288 1762 1414 1870 Visle,
1434 1764 1556 1849 littus
1577 1777 1680 1850 tunc
1702 1769 1757 1852 ad
1777 1768 1917 1852 villam
1937 1793 2014 1854 no·

348 1891 481 1966 stram
502 1881 772 1966 Msczcacziao
795 1911 847 1966 ex
866 1909 952 1968 vna
971 1893 1111 1994 parte,
1134 1911 1185 1966 ex
1207 1883 1293 1966 alia
1311 1911 1413 1968 vero
1435 1883 1492 1967 ad
1511 1885 1655 1972 villam
1677 1885 1901 1999 Tropiszow
1919 1887 2012 1974 Mo·
2117 1933 2120 1940 ’

348 1999 520 2109 nasterij
543 2001 597 2083 de
619 1998 850 2112 Stauaatlty,
872 2001 1132 2113 pertinebat,
1167 2029 1244 2112 pro
1280 2002 1461 2086 vtilitate
1492 2007 1775 2114 predictorum
1798 2005 2014 2090 Monaste-

347 2123 518 2207 florium
546 2121 679 2205 nostri
709 2120 911 2205 videlicet
948 2121 1260 2207 Mechouiensis
1283 2129 1326 2204 et
1346 2119 1588 2234 Monasterij
1611 2123 1664 2207 de
1687 2123 1879 2234 Staaotty
1902 2127 2012 2239 (εἰσ),

349 2241 485 2342 talem.
521 2239 834 2323 ordinacionem
873 2243 981 2324 inter
1001 2240 1271 2324 selecissent
1300 2237 1427 2341 Quod
1467 2241 1577 2326 idem
1600 2253 1848 2328 antecessor
1868 2255 2015 2352 noster

350 2359 543 2445 dominus
587 2357 798 2443 Ozcaikus
840 2387 917 2469 per
944 2369 1108 2470 partem
1131 2359 1242 2442 dicte
1263 2361 1397 2446 insule
1419 2387 1494 2444 sue
1516 2389 1592 2446 seu
1615 2361 1735 2448 Silue
1754 2389 1891 2448 nowm
1915 2365 2015 2478 (εἰσ)
2132 2391 2136 2400 “

349 2489 538 2564 meatum
574 2504 652 2560 seu
685 2479 909 2575 transitum
945 2480 1049 2564 dicti
1082 2479 1200 2588 fluuij
1238 2478 1368 2564 Visla.
1403 2480 1584 2586 iaceret,
1605 2481 1688 2568 nbi
1708 2507 1900 2593 pronunc
1920 2485 2018 2593 ipse

348 2599 504 2686 fluuius
526 2595 644 2680 Visla
663 2596 815 2680 transit
834 2605 880 2680 st
899 2597 1074 2706 defluit,
1088 2607 1131 2680 et
1152 2600 1383 2708 exantiquo
1407 2598 1504 2716 (εἰσ)
1527 2610 1672 2684 meatu
1700 2605 1792 2684 siue
1832 2605 2015 2687 transitu

350 2718 453 2800 dicti
472 2714 591 2824 fluuij
622 2713 739 2800 Visla
767 2715 889 2800 lacus
920 2716 1132 2832 wlgariter
1166 2717 1365 2802 Necrecrc
1398 2747 1474 2830 pro
1509 2721 1691 2807 utilitate
1726 2720 2012 2829 predictorum
2075 2827 2077 2835 J
2204 2719 2207 2728 ’

347 2833 700 2931 Monasteriorum
741 2837 873 2920 nostri
913 2835 1113 2927 videlicet
1130 2835 1460 2949 ¹Mechouiensis
1498 2849 1542 2921 et
1574 2839 1820 2949 Monasterij
1843 2840 1896 2924 de
1917 2838 2012 2924 Sta·

347 2953 492 3066 acatlnj
513 2953 651 3058 fieret,
672 2953 740 3038 Ita
760 2963 905 3040 tamen
928 2959 1044 3067 quod
1066 2958 1182 3040 dicta
1212 2955 1379 3062 Insula,
1410 2986 1488 3043 seu
1516 2958 1643 3066 silua,
1676 2987 1761 3072 que
1781 2957 1862 3041 fuit
1885 2969 1952 3056 est
1972 2970 2016 3046 et

347 3074 428 3160 erit
445 3075 555 3158 inter
577 3075 800 3187 antiquum
822 3086 864 3159 et
882 3087 1020 3161 nowm
1050 3087 1237 3162 meatum
1261 3077 1361 3196 dicti
1382 3075 1500 3186 fluuij
1523 3075 1641 3164 Visla
1676 3107 1702 3160 a
1730 3075 1900 3189 prefato·
1918 3079 2013 3167 Mo-

219 3274 234 3297 „
347 3196 530 3279 nasterio
551 3203 695 3278 nostro
716 3193 1006 3306 Machouiensi
1026 3197 1323 3307 inperpetuum
1365 3198 1538 3282 alienari
1568 3197 1809 3283 nullomodo
1842 3197 2017 3286 deberet

346 3341 488 3424 neque
511 3311 657 3415 debet,
672 3315 846 3396 racione
868 3317 992 3404 cidus.
1009 3313 1219 3400 fossature
1241 3309 1317 3400 seu
1336 3319 1622 3427 permissionis
1664 3315 2013 3432 (premissionisl)

348 3459 461 3543 aque
481 3431 660 3540 predicti
680 3431 797 3539 fluuij
816 3430 931 3516 Visle
946 3436 1120 3544 pariam
1143 3437 1300 3520 dictam
1321 3445 1509 3522 nostram
1531 3437 1718 3522 Insulam
1740 3463 1818 3519 seu
1840 3435 2012 3544 Siluam,

347 3549 570 3636 adiunctus
602 3557 667 3631 est
698 3549 870 3659 quidam
902 3551 1021 3638 lacus
1052 3559 1223 3666 antiqua
1247 3553 1346 3668 (εἰσ)
1378 3558 1452 3664 qui
1473 3557 1700 3665 spectabat
1720 3556 1775 3637 ad
1795 3553 2013 3640 Monaste-

346 3671 456 3753 rium
477 3668 530 3750 de
552 3665 784 3778 Staaaatty,
807 3671 863 3754 ad
885 3673 1144 3758 antedictum
1179 3675 1329 3757 lacumw
1354 3675 1565 3786 wlgariter
1605 3675 1802 3762 Neczeoza
1842 3673 2013 3780 dictum,

346 3798 551 3897 tanquam
573 3787 627 3870 de
647 3813 759 3873 nouo
780 3786 960 3895 factum,
980 3791 1046 3876 Ex
1067 3795 1220 3905 quibus
1242 3791 1425 3878 lacubus
1446 3796 1506 3875 sic
1527 3804 1576 3876 ut
1594 3793 1804 3904 prefertur
1821 3791 1946 3890 factis
1968 3805 2012 3880 et

346 3907 514 3991 insimul
544 3907 719 4009 iunctis,
750 3909 879 3996 ambo
907 3912 1168 3997 Monasteria
1197 3923 1387 3996 nostrum
1417 3911 1616 3996 videlicet
1645 3911 1945 4000 Machouiense
1969 3905 2013 4001 it

346 4024 649 4112 Monasterium
680 4026 735 4108 ds
765 4025 987 4141 Staaoatky
1020 4047 1173 4116 census
1205 4034 1296 4116 siue
1326 4032 1567 4143 piscaturas
1596 4037 1639 4116 in
1669 4033 1794 4117 simul
1824 4034 2015 4146 quolibet

232 4227 234 4233 Α
347 4172 458 4231 anno
493 4146 710 4257 percipere
743 4144 961 4234 debebant
992 4161 1035 4235 et
1063 4149 1333 4260 postmodum
1365 4151 1678 4262 percipiebant,
1716 4151 1802 4238 Sed
1837 4153 1940 4262 quia
1959 4183 2013 4240 ex

1 4267 2 4280 '
150 4283 156 4290 '
348 4267 464 4348 dicta
494 4265 749 4348 simultanea
779 4275 823 4349 et
853 4274 1064 4356 communi
1084 4272 1365 4384 percepcione
1386 4299 1591 4356 censuum
1616 4301 1667 4356 ex
1688 4271 1810 4353 dictis
1827 4271 2010 4366 lacubus
2101 4341 2106 4354 .

345 4385 691 4494 prouenienoium
712 4411 789 4494 per
810 4397 1104 4478 antecessores
1125 4401 1291 4478 nostros
1311 4389 1428 4475 faeta
1450 4399 1492 4476 et
1514 4393 1708 4476 ordinata
1738 4393 2012 4502 quamsepius

345 4501 508 4586 fiebant
525 4502 619 4585 lites
642 4512 685 4584 et
706 4505 913 4590 discordie
934 4511 1042 4595 inter
1061 4513 1155 4622 ipsa
1184 4511 1443 4596 Monasteria
1472 4519 1664 4616 nostrum
1694 4509 1891 4592 videlicet
1919 4511 2010 4630 Me-
2090 4625 2093 4632 Ι

453 4719 491 4802 (ἰ)
517 4719 658 4802 Materia,
673 4719 798 4786 villain
814 4724 950 4810 antiqua
975 4727 1189 4798 Oraooriensi
1211 4727 1432 4814 provinciaet
1448 4725 1709 4812 saozyrzycensi
1740 4726 1885 4815 Γθεὶῡῐίθ,
1911 4729 2010 4798 h0di⁰
2093 4709 2096 4722 Ι

345 4805 378 4874 in
394 4803 544 4883 Gallicis,
559 4804 734 4892 parochiae
751 4805 1054 4893 Niepolomicensis.
1078 4813 1240 4902 Ipotomic
1256 4813 1343 4892 villa,
1363 4834 1440 4879 suae
1455 4803 1632 4898 parochiae
1647 4821 1749 4899 caput
1762 4813 1797 4878 in
1812 4815 1927 4902 Regno
1942 4817 2008 4884 Ρο·
2042 4829 2070 4894 ,’

344 4890 452 4957 laniae
468 4891 624 4958 moderno
642 4891 677 4958 in
691 4892 829 4980 regione
843 4894 1114 4965 Proszowicensi.
1139 4896 1264 4982 diaeta
1278 4907 1313 4964 et
1327 4898 1488 4986 [polemio
1503 4905 1579 4964 sunt
1593 4895 1635 4964 ed
1648 4899 1820 4968 Vistulam.
