4822 5924
1170 1137 1368 1268 thttl.

717 1397 1033 1495 merw-
1046 1409 1137 1491 ure
1154 1411 1189 1492 1
1205 1396 1479 1490 sancum
1496 1385 1634 1490 rssl
1652 1398 1816 1489 anno.

439 1636 611 1713 murita
635 1631 813 1722 uumrmo
827 1628 1074 1702 nortmanui
1088 1628 1236 1701 teman
1249 1609 1512 1699 muirtemne
1524 1605 1753 1715 uratislaum
1773 1625 1921 1698 rubrum
1942 1610 2089 1700 lamro

541 1738 580 1810 dc
594 1736 685 1810 titre:
698 1750 753 1826 pro
764 1731 927 1807 uveam
942 1730 1034 1848 vilae
1052 1733 1196 1816 Tuetow,
1211 1727 1540 1803 {conmaculata
1553 1724 1658 1800 vdlru
1672 1728 1787 1796 Redeo
1802 1727 1919 1820 norst
1933 1726 1992 1812 (¹)·'

450 1973 452 1978 ·
544 1945 747 2030 Noverint
766 1941 948 2024 universi
968 1950 1056 2022 tam
1069 1949 1323 2048 ¹praesentes
1346 1953 1474 2049 quam
1490 1935 1629 2041 muni,
1646 1937 1947 2044 quibusnosse
1967 1921 2091 2023 dierit

442 2073 739 2177 opportunum,
762 2057 886 2160 Quod
908 2059 948 2142 N
951 2086 997 2143 os
1018 2058 1217 2142 Albertus
1238 2057 1395 2142 Divina
1415 2057 1680 2140 miseratione
1701 2055 1869 2158 Abbas,
1890 2056 2089 2144 Matthias

339 2259 342 2268 J
440 2187 569 2286 Prior,
600 2181 793 2265 Andreas
824 2178 1129 2291 Praepositus,
1148 2175 1391 2290 Boguslaus
1425 2175 1579 2261 Custos
1610 2183 1809 2286 totusque
1844 2171 2091 2262 Ocnientns

441 2303 687 2408 Monastery
722 2299 973 2408 Tynciensis
1010 2291 1178 2380 Ordinis
1216 2293 1364 2381 Sancti
1384 2293 1604 2377 Benedicti
1625 2292 1916 2379 Oracoviensis
1936 2297 2093 2381 Dicae-

443 2424 552 2505 cesis
572 2419 918 2528 recognoscimus
940 2423 982 2498 et
1002 2415 1174 2527 publice
1193 2414 1449 2525 profitemur,
1481 2409 1606 2514 Quod
1628 2441 1724 2496 cum
1744 2416 1864 2500 nobis
1885 2416 1957 2499 lite
1976 2427 2093 2502 mota

443 2566 520 2652 per
539 2539 779 2634 Discretum
799 2535 934 2618 virum
955 2535 1182 2619 Dominum
1213 2533 1433 2619 Nicolaum
1462 2532 1667 2616 Diakonis
1698 2533 1923 2619 Rectorem
1941 2533 2095 2622 Eccle-

446 2659 532 2761 siae
555 2657 608 2739 dc
633 2653 743 2737 Gora
762 2651 816 2768 (²)
840 2654 892 2735 de
915 2663 957 2736 et
977 2681 1102 2764 super
1123 2653 1361 2738 Advocatio
1378 2659 1422 2733 in
1440 2649 1672 2764 Tuclmp)
1695 2650 1863 2763 Oppido
1886 2657 1947 2737 sic
1969 2655 2093 2762 dicte,

444 2779 536 2862 Nos
573 2776 790 2886 cupientes
821 2773 953 2856 vitare
983 2773 1076 2856 lites
1099 2781 1141 2855 et
1160 2799 1336 2883 parcere
1372 2769 1609 2882 sumpthus
1631 2780 1674 2853 ct
1694 2775 1887 2882 expensis
1908 2803 1984 2887 per
2003 2803 2094 2862 mo·

447 2896 547 2978 dum
569 2892 799 2977 amicabilis
821 2893 1154 3000 compositionis,
1171 2891 1311 2972 taliter
1333 2917 1429 2972 cum
1449 2890 1597 2974 eodem
1618 2889 1799 2976 Domino
1820 2893 1995 2979 Nicolao
2016 2895 2094 2978 ini-

445 3017 581 3098 vimus
614 3011 901 3116 concordiam,
932 3007 1059 3111 Quod
1079 3011 1297 3123 praedicto
1318 3009 1499 3093 Domino
1521 3007 1695 3094 Nicolao
1714 3012 1760 3092 in
1778 3039 2094 3123 recompensam

447 3131 585 3214 dictae
606 3131 868 3216 Advocatiae
889 3136 931 3214 in
953 3131 1119 3214 Tuclrow
1157 3129 1325 3232 damus,
1361 3128 1632 3212 concedimus
1653 3137 1696 3212 et
1716 3129 1919 3215 donamus
1954 3131 2094 3216 villam

446 3260 632 3340 nostram
654 3261 697 3334 et
715 3251 959 3358 Monastery
992 3249 1125 3332 nostri
1160 3247 1414 3358 Tynciensis
1449 3247 1655 3355 praedicti
1686 3247 1917 3364 vulgariter
1939 3251 2095 3336 dictam

448 3369 593 3454 Redeo
630 3372 754 3454 sitam
789 3365 897 3450 infra
931 3368 1082 3449 limites
1118 3367 1350 3451 Parochiae
1372 3365 1591 3449 Ecclesiae
1614 3368 1667 3449 de
1690 3365 1856 3484 Jurpow
1880 3368 1935 3484 (⁴)
1958 3369 2096 3456 dictae

448 3485 740 3574 Oracoviensis
762 3483 1005 3570 Dicaeccsis
1028 3513 1125 3568 cum
1148 3486 1313 3569 decima
1333 3485 1580 3596 manipulari
1600 3489 1641 3568 in
1665 3487 1813 3571 eadem
1834 3490 1931 3574 ville
1950 3489 2096 3576 Rudno

448 3617 607 3692 etcum
628 3605 822 3693 omnibus
843 3604 1078 3710 fructibus,
1091 3602 1300 3709 censibus,
1323 3605 1448 3716 agris,
1470 3606 1611 3715 pratis,
1632 3607 1815 3715 piscinis,
1836 3609 2096 3715 molendinis,

449 3729 570 3837 aquis
593 3729 800 3838 aquisque
823 3722 920 3838 (sic)
944 3725 1209 3829 decursibus,
1250 3725 1385 3827 silvis,
1415 3725 1579 3807 mericis
1601 3750 1651 3808 ac
1671 3727 1876 3810 universis
1907 3730 2098 3814 utilitati-

447 3845 529 3932 bus
551 3846 607 3928 ad
628 3847 805 3930 eandem
840 3844 984 3928 villam
1017 3843 1163 3930 Ruduo
1199 3843 1492 3954 spectantibus
1529 3854 1572 3926 et
1605 3845 1929 3955 pertinentibus,
1972 3857 2097 3962 prout

432 4133 441 4152 κ
556 4107 594 4186 (¹)
617 4101 847 4192 Apographon
869 4103 1120 4190 ahepkowscio
1135 4104 1317 4172 habuimus.
1629 4158 1633 4180 ,
2058 4169 2059 4174 ,

557 4189 594 4270 (²)
617 4189 768 4256 Ecclesia
782 4187 977 4274 parochialis
992 4189 1087 4256 villae
1097 4190 1178 4258 Gora
1185 4191 1358 4274 nescimus,
1371 4189 1426 4259 ubi
1440 4189 1494 4256 sit.
1513 4187 1552 4256 lu
1566 4191 1700 4274 antiqua
1710 4193 1879 4264 Piluneusi
1893 4195 2025 4282 regiona
2039 4197 2099 4264 fuit

452 4273 529 4342 villa
545 4271 628 4342 Gdrc
644 4275 817 4352 lerdlewskc,
831 4273 932 4342 idest
947 4275 1044 4342 Mona
1060 4273 1192 4362 regalis,
1209 4297 1283 4340 cum
1297 4275 1438 4345 ecclesia
1455 4283 1489 4342 et
1507 4273 1664 4360 parochia
1678 4281 1799 4358 (lats).
1833 4280 1899 4348 Sed
1914 4280 2034 4348 ibidem
2047 4282 2098 4348 lo-

453 4385 564 4429 corum
580 4359 744 4426 invenitur
759 4358 856 4425 etiam
868 4359 1008 4459 ellipse
1020 4359 1114 4438 θένα,
1124 4357 1244 4430 calvus
1260 4383 1363 4428 mons.
1384 4361 1524 4428 Haecin
1540 4359 1797 4438 Sandomiricnsi
1809 4365 2000 4464 palatinatu,
2012 4391 2098 4435 nunu

453 4467 532 4512 vero
549 4445 584 4528 ip
599 4443 749 4514 Gallicis.
784 4443 823 4509 Iu
841 4467 975 4531 regione
993 4468 1073 4510 vero
1102 4445 1238 4529 antiqua
1268 4445 1524 4534 Suczyrzycensi
1551 4447 1656 4514 fuerat
1677 4447 1754 4513 villa
1776 4459 1873 4516 enam
1901 4453 2099 4537 parochialis

454 4528 538 4596 Gdrc
553 4533 586 4594 S.
603 4531 700 4610 June,
719 4529 816 4596 Mons
830 4531 936 4596 sancti
951 4529 1093 4622 doenuis
1111 4532 1234 4612 (1676).

559 4633 596 4714 (³)
625 4633 761 4709 Tuuhow,
790 4633 898 4699 fuerat
927 4622 1003 4698 olim
1018 4629 1094 4696 villa
1108 4631 1304 4717 parochialis
1318 4633 1352 4698 in
1366 4634 1520 4700 Biecensi
1535 4621 1784 4720 regionanuuc
1805 4659 1885 4706 vero
1901 4640 1935 4709 in
1950 4637 2099 4722 Gallicis,

459 4714 561 4780 altera
574 4738 654 4781 vero
669 4716 811 4802 ejusdem
826 4717 966 4784 nominis
981 4718 1015 4783 in
1029 4717 1162 4804 regione
1177 4717 1342 4784 Pilzncnsi
1356 4719 1508 4803 antiquae
1524 4717 1797 4789 Sandomiriensis
1811 4723 2014 4810 provinciae.

561 4799 598 4878 (⁴)
622 4801 756 4882 Jurlww,
771 4826 838 4870 non
852 4803 875 4870 J
878 4804 1002 4890 urgdw,
1017 4801 1213 4888 parochialis
1227 4802 1303 4867 villa
1316 4803 1378 4867 fuit
1391 4805 1425 4870 in
1439 4802 1614 4874 Pilzniensi
1629 4806 1761 4892 regione
1776 4817 1810 4874 et
1824 4808 1941 4876 ibidem
1953 4811 2101 4881 locorum

456 4883 533 4950 villa
543 4875 608 4950 huc
623 4897 800 4953 memorata
812 4887 937 4968 Radere,
952 4885 1097 4974 ejusdcm
1111 4886 1285 4975 parochiae
1296 4891 1419 4972 (1676).
