4930 5922
1033 712 1463 800 -lcs-‚

229 955 249 994 ο
340 923 382 994 et
402 909 613 994 aduocato
634 907 792 990 tercius
812 933 980 1017 semper
1000 911 1138 992 ιιιιιι.
1186 911 1255 992 Ad
1285 935 1492 1019 magnum
1511 910 1712 1009 iudicium
1734 917 1851 1026 quod
1870 916 1934 1000 fit
1939 927 2004 1000 ter
2092 1007 2094 1012 ,

335 1031 378 1112 in
399 1055 522 1112 anno
534 1056 561 1109 a
580 1027 712 1126 latero
733 1035 877 1109 nostro
900 1027 1206 1112 destinabimus
1228 1029 1400 1110 militem
1422 1029 1512 1108 siue
1534 1029 1672 1110 ciuem
1704 1059 2009 1144 quemcunque
2142 1041 2149 1054 ’
2308 1117 2313 1127 ,

335 1148 458 1232 nobis
479 1143 649 1228 fidelem
652 1153 745 1253 qur
733 1144 891 1226 simul
910 1173 1007 1228 cum
1030 1149 1215 1229 aduocat
1198 1155 1240 1228 to
1263 1145 1522 1229 diiudicans
1535 1172 1688 1230 causas
1727 1148 1886 1232 eisdem
1907 1180 2003 1260 pre·

225 1272 231 1286 '
335 1264 503 1347 sidebit.
565 1261 674 1344 Item
716 1261 909 1344 addimus
948 1265 1241 1369 promittentes
1280 1260 1447 1342 ciuibus
1481 1263 1635 1344 nostris
1671 1265 1926 1374 supradictis
1961 1277 2005 1350 et

336 1383 546 1468 aduocato
569 1379 687 1516 quod
707 1378 865 1461 nullum
886 1379 1191 1486 prouincialem
1212 1381 1468 1462 aduocatum
1502 1406 1630 1485 super
1653 1383 1775 1517 ‘ipsos
1796 1411 2003 1498 umquam

335 1509 574 1582 statuemus
593 1498 673 1578 nisi
662 1497 751 1578 ad
770 1523 973 1632 magnum
1010 1499 1214 1578 iudicium
1236 1507 1284 1578 ut
1305 1498 1488 1579 diximus
1521 1501 1715 1604 superius
1747 1527 1826 1582 nec
1848 1502 2001 1608 pluries
2099 1499 2102 1508 ’

336 1618 416 1703 nisi
435 1618 532 1698 ter
521 1642 566 1696 ιιι
587 1641 699 1696 anno
718 1613 775 1694 de
795 1640 880 1722 quo
903 1615 1037 1695 eciam
1074 1616 1197 1698 nobis
1218 1617 1329 1696 sicut
1349 1616 1541 1723 superius
1565 1626 1630 1696 est
1651 1643 1895 1724 expressum
1919 1620 2001 1704 duo

338 1735 496 1818 denarii
519 1741 561 1814 et
582 1731 794 1814 aduocato
814 1757 911 1812 cum
934 1733 1021 1812 suis
1043 1733 1229 1841 posteris
1223 1731 1399 1813 tercius
1432 1757 1598 1840 semper
1618 1735 1860 1851 pertinebit.
1891 1737 2002 1820 Da-

335 1879 429 1934 mus
449 1852 587 1932 eciam
607 1858 650 1931 et
670 1847 943 1931 concedimus
979 1851 1168 1956 predicte
1206 1848 1382 1932 Ciuitati
1418 1834 1750 1934 Sandomiriensi
1786 1853 1838 1936 de
1871 1853 2001 1938 fluuio

344 1964 455 2052 Vela
486 1967 681 2077 superius
694 1953 873 2048 etinirii
913 1969 1037 2050 unius
1070 1967 1380 2078 longitudinem
1421 1965 1628 2046 miliaris.
1657 1967 1743 2053 Ubi
1761 1970 2000 2087 adnodatus

334 2095 501 2168 tanum
541 2112 618 2194 pro
634 2112 687 2169 se
709 2091 761 2164 ιι
770 2083 863 2164 suis
888 2053 1087 2193 legitimis
1117 2081 1435 2168 successoribus
1459 2092 1501 2166 ct
1521 2109 1606 2164 non
1628 2084 1686 2164 alt
1669 2093 1735 2166 ter
1755 2113 1852 2168 cum
1873 2101 2000 2196 quot-
2106 2145 2109 2150 -

334 2229 504 2312 cunque
523 2203 628 2286 rotis
648 2200 763 2283 uolet
782 2210 966 2308 quatuor·
986 2201 1145 2284 habeat
1166 2209 1412 2285 construere
1435 2200 1677 2282 molendina
1699 2211 1741 2282 et
1760 2229 1845 2285 non
1867 2206 1999 2310 plura.
2088 2189 2091 2203 ¹

189 2335 193 2343 “
336 2319 456 2420 Qua
443 2347 539 2400 mre
551 2319 805 2400 hereditario
821 2318 1002 2425 pacifice
1022 2330 1064 2400 et
1079 2321 1223 2430 quiete
1238 2317 1361 2418 simul
1377 2344 1474 2398 cum
1489 2317 1739 2398 manslst
1668 2325 1739 2400 oct
1741 2345 1764 2400 o
1781 2319 1835 2400 de
1853 2323 2009 2430 gracia.

292 2535 296 2545 ι
334 2427 478 2522 nostra
496 2437 654 2536 additis
677 2435 845 2544 absque
864 2461 1018 2518 census
1040 2437 1318 2520 solucione
1274 2443 1318 2518 e
1334 2436 1562 2518 exaccione
1578 2435 1621 2517 in
1637 2433 1886 2544 perpetuum
1901 2464 2005 2546 pos„

284 2555 543 2638 '‘sidebits
547 2553 855 2636 Promittimus
885 2551 1022 2636 eciam
1059 2567 1103 2635 et
1138 2552 1410 2636 concedimus
1444 2551 1663 2660 sepedicto
1700 2553 1911 2638 aduocato
1952 2565 2010 2638 ut:

333 2671 503 2755 nullus
494 2700 533 2751 ιιι
557 2697 681 2752 suum
700 2668 1010 2778 praejudicium
1025 2671 1193 2781 aliquot
1213 2671 1370 2752 audeat
1388 2681 1633 2751 construere
1653 2669 1966 2754 molendinum
1954 2701 1998 2756 ιιι

331 2789 463 2872 fluuio
484 2783 710 2870 nominato·
724 2787 860 2870 donec
881 2788 972 2895 ipse
994 2799 1178 2896 quatuor
1197 2788 1292 2871 loca
1313 2785 1393 2871 sibi
1410 2787 1458 2868 in
1480 2788 1628 2870 eodem
1656 2787 1796 2870 fluuio·
1816 2798 2011 2898 quatuor.

330 2906 665 2988 molendinorum
696 2931 774 3013 pro
795 2931 874 2986 sua
895 2905 1071 3014 elegerit
1094 2915 1136 2988 ιι
1154 2905 1438 2992 reseruauerit
1467 2904 1698 2987 uoluntate.
1745 2904 1943 2992 Preterea
1962 2910 2011 2992 sl·

269 3043 275 3050 ‘
333 3025 428 3134 quis
451 3024 556 3106 alter
576 3015 728 3130 prose
744 3021 860 3108 volet
878 3033 1122 3109 construere
1146 3035 1189 3104 et
1209 3032 1456 3130 comparere
1481 3021 1730 3105 molendina
1759 3051 1845 3105 non
1881 3023 1999 3110 aliter
2125 3071 2127 3078 1

333 3141 490 3223 audeat
507 3141 588 3220 nisi
608 3141 742 3248 primo
780 3169 806 3220 a
826 3137 949 3222 nobis
985 3141 1053 3223 vel
1088 3161 1115 3222 a
1134 3143 1287 3224 nostris
1324 3139 1618 3222 succedaneis'
1635 3140 1774 3224 locum
1796 3151 1912 3224 emat
1930 3143 1999 3227 vel

211 3285 216 3292 ·
332 3257 525 3340 obtineat
557 3257 796 3340 molendini
820 3258 1135 3370 piscandique
1121 3287 1168 3340 ιιι
1187 3257 1380 3367 predicto
1408 3257 1539 3340 fluvio
1560 3255 1660 3340 vcta
1696 3257 1870 3340 Ciuitati
1899 3287 2025 3368 pre·.
2103 3351 2107 3358 ,

294 3421 303 3438 ·
332 3373 524 3459 habite
512 3401 596 3456 ram
633 3376 866 3484 assignato.
927 3375 1177 3459 Aduooatus
1214 3401 1311 3458 cum
1345 3373 1527 3458 (limbus
1565 3375 1752 3456 eiusdem
1800 3374 1996 3462 Ciuitatis

330 3493 470 3601 pisces
490 3490 827 3602 qualescumque
848 3501 891 3572 et
906 3519 1168 3605 quocunque
1189 3483 1365 3576 artificio
1386 3490 1596 3574 voluerint
1614 3491 1788 3574 liberam
1808 3491 2007 3578 habeant·

329 3609 523 3692 voluntat
505 3617 601 3692 t.em
654 3607 859 3705 Volumus
893 3610 1026 3690 eciam
1048 3611 1165 3720 quod
1185 3638 1270 3693 non
1291 3610 1491 3690 obstante
1511 3607 1686 3689 alicuius
1707 3608 1996 3713 prohibicione

330 3727 399 3808 uel
430 3725 812 3810 contradictione
800 3755 845 3808 ιιι
880 3726 1031 3808 eadem
1067 3736 1187 3835 parte
1231 3722 1362 3818 Viciae
1397 3749 1527 3833 quam
1549 3723 1725 3806 ciuitati
1755 3723 1996 3814 addidimus

333 3827 662 3952 Sandomiriensi
674 3843 898 3954 sepedicte
934 3841 1084 3926 fratres
1121 3845 1408 3954 predicatores
1431 3841 1629 3924 dedomo
1668 3839 1997 3930 Saudomiriensi
2100 3931 2105 3940 ,

306 3963 469 4070 'pisces
490 3963 674 4072 capiant
682 3961 813 4043 libere
836 3961 1181 4096 qualescumque
1192 3969 1249 4044 et
1269 3983 1541 4071 quocumque
1579 3958 1754 4043 artificio
1789 3961 1999 4047 voluerint

330 4089 493 4160 tantum
523 4107 605 4191 pro
619 4078 821 4162 fratribus
858 4086 933 4162 sue
971 4081 1122 4163 domus
1149 4091 1214 4160 ιι
1238 4105 1321 4160 non
1343 4077 1400 4158 ιιι
1419 4073 1703 4160 ¹vendendum.
1754 4077 1846 4162 Nec
1877 4081 2015 4189 aliter·¹

39 4194 42 4230 ¹
202 4205 207 4212 “
328 4197 408 4276 nisi
396 4196 580 4281 fratres
601 4197 713 4279 dicte
751 4199 916 4280 domus
940 4195 1294 4281 Sandomiriensis
1314 4195 1383 4278 uel
1402 4193 1597 4302 specialis
1620 4195 1674 4276 de
1697 4195 1847 4278 eadem
1869 4198 1994 4282 domo

327 4314 516 4422 piscator
533 4319 672 4425 pisces
692 4313 853 4403 habeat
871 4343 948 4423 pro
969 4313 1169 4396 fratribus
1190 4312 1387 4424 capiendi
1407 4321 1675 4420 potestatem.
1706 4311 1994 4402 Molendinum

330 4435 454 4514 etam
477 4433 727 4518 eorumdem
755 4433 931 4522 fratrum
966 4433 1278 4543 predicatorum
1315 4457 1443 4540 super
1462 4456 1596 4512 naues
1617 4428 1734 4538 quod
1756 4428 1919 4512 habent
1937 4431 1999 4520 ab¹
2087 4443 2091 4450 '

309 4593 314 4612 ι
328 4553 506 4664 antiquo
522 4551 715 4637 vehimus
730 4553 783 4632 de
793 4551 887 4635 loco
898 4578 976 4634 suo
986 4577 1071 4634 non
1088 4548 1306 4633 abmoueri
1321 4574 1401 4628 nec
1414 4547 1575 4656 aliquot
1594 4545 1748 4628 amodo
1756 4544 1855 4657 (sic)
1864 4546 1993 4634 liceat

293 4670 386 4750 'eis
404 4653 668 4752 conscium
694 4679 870 4780 propter
890 4670 972 4751 hoc
994 4668 1110 4779 quod
1146 4669 1309 4750 habent
1337 4663 1634 4747 molendinum.
1688 4659 1826 4746 Siluas
1857 4669 1992 4766 eciam

325 4784 586 4898 ubicumque
621 4785 807 4942 locorum
843 4795 984 4871 nostre
1007 4787 1162 4870 dicium
1181 4787 1441 4894 pertinentes
1472 4805 1549 4890 pro
1579 4779 1759 4864 utilitate
1791 4779 2021 4870 Oimtatis
