4952 5926
1161 751 1386 820 ..6.-

1180 1071 1182 1076 ’
1236 1077 1303 1188 ll.

959 1315 1117 1396 Anno
1142 1311 1286 1398 1166
1310 1309 1404 1394 ccl
1428 1309 1585 1394 116².

439 1507 671 1580 &oannes
692 1501 939 1591 bonosiacum
960 1443 1144 1576 dimensis
1168 1499 1202 1568 ct
1227 1495 1327 1568 (telas
1351 1495 1514 1585 Episcopus
1539 1495 1748 1568 creausus
1761 1494 1897 1572 minu
1914 1501 2102 1576 nunctis
2138 1527 2143 1536 ·

960 1579 1367 1674 sednesovlensl
1385 1577 1500 1651 dcnmt
1521 1583 1575 1664 (¹).

427 1781 430 1787 '
542 1763 593 1846 In
616 1761 794 1844 nomine
829 1737 987 1841 domini
1018 1783 1156 1838 amen.
1207 1753 1279 1836 Ad
1308 1760 1560 1862 psrpe'tuam
1590 1753 1653 1834 rai
1681 1755 1939 1839 memoriam.
1991 1757 2102 1842 Oum

441 1893 609 1988 tempus
631 1878 740 1960 edax
759 1901 897 1957 rerum
919 1897 1064 1958 omnes
1087 1881 1208 1954 actus
1228 1873 1436 1954 humanos
1468 1870 1611 1952 trahat
1642 1874 1840 1955 continue
1860 1877 1903 1956 in
1925 1872 2103 1960 oblivio-

442 2023 540 2079 nem
561 1997 641 2077 nisi
659 1997 873 2077 literarum
895 1989 1036 2075 officio
1061 2015 1206 2074 eorum
1226 1992 1427 2073 memorie
1455 1983 1710 2094 consulatur.
1751 1991 1842 2075 Nos
1865 1990 2103 2102 Sigismun·

443 2117 521 2199 dus
542 2113 626 2195 Dei
646 2113 794 2223 gracia
815 2118 896 2191 etc.
918 2136 998 2190 nec
1019 2135 1106 2191 non
1135 2116 1340 2188 terrarum
1363 2115 1443 2188 etc.
1467 2107 1661 2190 dominus
1685 2093 1883 2190 et'heres.
1928 2107 2102 2218 Signifi-

443 2256 587 2314 camus
608 2239 755 2313 tenore
775 2227 1044 2337 presencium
1065 2233 1146 2306 etc.
1190 2219 1302 2322 Quia
1333 2223 1594 2308 Venerabilis
1625 2221 1825 2306 Albertus
1859 2225 1911 2314 de
1945 2224 2103 2312 Oloda-
2164 2321 2169 2334 ⁸

441 2377 521 2452 wa²
547 2345 698 2430 Abbas
719 2343 961 2450 monasterij
983 2339 1347 2424 Andrzaowiensis
1370 2341 1559 2425 exhibuit
1579 2367 1722 2425 coram
1743 2341 1865 2426 nobis
1897 2341 2020 2426 binas
2040 2347 2105 2428 in-

441 2465 686 2572 frascriptae
706 2462 848 2544 literas
871 2459 1018 2542 ambas
1039 2487 1126 2542 una
1148 2459 1355 2542 duntaxat
1373 2461 1482 2568 pelle
1504 2459 1760 2567 complexas.
1784 2460 1935 2543 alteras
1967 2459 2103 2546 loan-

442 2585 506 2665 nis
528 2580 852 2687 Archiepiscopi
874 2575 1149 2662 Gnesncnsis.
1171 2577 1324 2660 alteras
1344 2603 1446 2660 vero
1469 2575 1684 2662 Gedeonis
1715 2577 1922 2686 Episcopi
1944 2577 2105 2666 Oraco-

442 2699 611 2784 viensis.
634 2695 779 2806 sigillis
800 2697 964 2778 illorum
985 2695 1186 2804 appensis
1210 2697 1473 2804 obsignatas.
1496 2721 1623 2801 super
1643 2692 1761 2778 bona
1784 2705 1827 2778 ct
1847 2697 2034 2780 decimas
2056 2700 2102 2780 in

445 2818 506 2898 eis
529 2815 761 2922 descriptas
785 2814 935 2916 editas,
954 2815 1138 2922 priscam
1159 2813 1272 2895 illam
1292 2812 1421 2894 fidem
1442 2821 1486 2895 et
1505 2811 1818 2919 simplicitatem
1836 2841 1914 2921 per
1934 2815 2018 2900 hoc
2038 2845 2105 2899 re-

443 2925 642 3017 lerentes.
665 2931 783 3042 quod
802 2931 848 3013 in
867 2933 1025 3013 neutris
1046 2931 1209 3014 illarum
1230 2939 1399 3038 tempus
1422 2957 1509 3041 quo
1533 2930 1645 3010 edita
1676 2939 1777 3012 sunt
1805 2929 1884 3014 fuit
1915 2933 2105 3044 adscrip-

442 3060 546 3132 tum.
591 3047 940 3160 Supplicavitque
962 3051 1084 3134 nobis
1109 3049 1220 3130 idam
1233 3047 1382 3132 abbas.
1404 3057 1453 3129 ut
1474 3073 1547 3130 eas
1576 3049 1793 3131 innovare.
1827 3053 2105 3134 auctoritate·

445 3193 529 3278 que
550 3175 697 3250 nostra
717 3165 857 3278 Regia
878 3167 1141 3250 confirmare.
1174 3191 1224 3247 ac
1257 3164 1337 3247 sub
1370 3163 1507 3276 sigillo
1528 3174 1674 3248 nostro
1697 3166 1798 3248 dara
1820 3167 2104 3276 dignaremur.

445 3283 634 3386 Quarum
656 3284 829 3394 quidem
848 3285 1062 3367 literanun
1083 3291 1254 3366 tenores
1276 3283 1346 3363 hic
1368 3273 1605 3394 sequuntur
1628 3293 1671 3365 et
1691 3284 1931 3368 sunttalas.

607 3403 658 3486 In
699 3402 870 3486 nomine
911 3403 1081 3484 domini.
1124 3401 1222 3512 Ego
1260 3398 1452 3485 loannes
1487 3399 1848 3511 Archispiscopus
1881 3400 2106 3490 Gnesnan·

379 3585 385 3597 .
503 3522 573 3604 sis.
590 3519 751 3604 Notum
771 3515 883 3603 facio
903 3516 1174 3626 presentibus
1195 3527 1238 3601 et
1257 3521 1450 3627 posteris.
1473 3548 1542 3602 me
1565 3521 1733 3603 dedisse
1754 3521 1946 3604 Ecclesia
1969 3525 2105 3604 sancti

504 3639 722 3722 Adalberti
750 3639 796 3720 in
817 3636 1015 3720 Andreow
1036 3639 1080 3720 in
1110 3639 1439 3724 consecraciona
1463 3638 1652 3720 eiusdem
1671 3638 1876 3720 Ecclesie.
1900 3639 2106 3720 decimam

502 3755 820 3866 quinquaginta
842 3765 1090 3840 aratrorum.
1121 3785 1250 3868 quam
1271 3769 1424 3863 postea
1445 3755 1661 3864 assignavi
1681 3756 1725 3835 in
1745 3753 1850 3835 villis
1879 3753 1971 3836 illis.
2002 3763 2106 3836 tunc
2215 3771 2219 3779 ’

546 4003 589 4084 (¹)
609 3999 640 4068 E
654 4001 811 4067 fasciculo
827 4003 997 4087 copiarum
1008 3999 1053 4066 ill.
1066 4003 1191 4067 Leonis
1207 4003 1254 4066 Rz
1279 4000 1470 4066 szczewscii
1492 4023 1509 4066 a
1526 3999 1706 4065 Tabulario
1721 4001 1828 4086 Regni
1850 4000 2103 4086 descriptarum,

443 4097 528 4156 teste
547 4087 697 4154 Antonio
712 4085 971 4152 Muczlrowscio.
995 4085 1048 4168 (L.
1064 4087 1095 4154 J.
1111 4085 1167 4151 N'r.
1184 4088 1235 4166 48,
1251 4025 1307 4148 los
1330 4085 1418 4163 955).
1457 4083 1712 4168 Transumptum
1726 4085 1761 4150 in
1775 4085 2025 4153 confirmatione
2050 4087 2104 4154 Si-

447 4169 613 4262 gismundi
627 4169 716 4258 regis
735 4169 826 4235 1533.
849 4169 900 4234 De
913 4169 1112 4256 Andrejooia,
1127 4169 1282 4254 polonice
1298 4167 1464 4256 derzsjow
1478 4169 1554 4234 vide
1570 4169 1664 4234 infra.

550 4253 699 4324 loannes
725 4253 906 4320 stemmatis
932 4253 1036 4406 Gppff
1053 4253 1244 4352 Episcopus
1277 4249 1561 4334 Vratislaviensis‚
1589 4255 1645 4336 qui
1669 4253 1704 4317 in
1728 4251 1806 4317 villa
1835 4275 1896 4318 sua
1925 4253 2108 4321 Braoznica

988 4363 998 4402 l

446 4340 536 4407 dicta
547 4339 783 4406 monasterium
811 4337 937 4401 ordinis

446 4445 508 4511 pus
535 4423 740 4490 Gnesnansis
768 4422 1009 4504 (noa-1167)
1042 4424 1149 4490 sactus
1179 4423 1235 4502 „in
1263 4420 1516 4486 consecratione
1542 4421 1688 4522 ejusdem
1715 4421 1894 4488 ecclesiae”
1924 4423 1972 4487 uti
1997 4423 2106 4510 diplo-

346 4505 354 4520 '
444 4529 497 4574 ma
510 4515 660 4570 nostrum
675 4507 784 4586 docet,
799 4527 865 4570 nna
878 4525 953 4570 cum
968 4507 1128 4576 Gedeone
1144 4505 1335 4588 (Gedeone)
1351 4503 1567 4571 Cracoriensr
1580 4507 1876 4605 Episcopo‚noras
1899 4505 2045 4573 decimas
2060 4505 2107 4572 illi

446 4591 648 4656 monasterio
664 4591 813 4655 contulit.
832 4589 947 4672 ltaque
962 4593 1110 4658 loannes
1137 4601 1170 4654 et
1196 4589 1313 4658 Gedeo
1327 4588 1423 4652 ambo
1447 4591 1694 4656 consecrationi
1710 4591 1937 4656 interfuerunt.
1959 4592 2108 4659 loannes

445 4679 595 4740 mortuns
611 4681 663 4737 est
677 4696 706 4737 a.
723 4676 815 4742 1167.
838 4673 955 4743 Gedeo
970 4699 1051 4742 vero
1067 4677 1174 4740 factus
1190 4673 1218 4738 E
1244 4674 1381 4756 iscopus
1397 4697 1448 4738 an.
1466 4677 1557 4740 1166.
1573 4676 1689 4758 ltaque
1705 4675 1916 4740 consecratio
1943 4673 2103 4762 ecclesiae

445 4756 734 4840 Andrejcviensis‚
749 4758 783 4822 in
799 4780 863 4842 quo
879 4759 997 4843 privile
1023 4759 1087 4822 ium
1102 4755 1167 4821 hoc
1183 4779 1203 4819 a
1218 4697 1347 4822 duobus
1365 4757 1579 4825 Antistitibus
1606 4759 1726 4843 datum,
1753 4769 1786 4826 et
1799 4769 1919 4845 postea
1933 4757 2107 4826 confirma-

446 4847 611 4922 tumeret,
626 4839 754 4905 fuitan.
772 4844 916 4910 nst-7
933 4781 1143 4910 celebratum.
1155 4841 1246 4908 Haec
1263 4839 1304 4906 de
1315 4863 1402 4908 anno
1414 4841 1588 4931 privilegii

1001 4339 1192 4406 starciensrs
1217 4336 1358 4422 primum
1376 4336 1580 4417 fundaverat,
1610 4345 1731 4424 postea
1759 4359 1840 4402 vero
1865 4335 2107 4426 Archiepisco·
