4890 5924
1122 731 1399 810 -rto-

756 1251 1071 1388 &neoniae
1084 1307 1205 1419 Αἵ
1224 1305 1420 1430 Mortis·
1436 1302 1583 1391 1³4³
1602 1325 1767 1438 nnnc.
1812 1371 1815 1380 ,
1950 1247 1955 1258 ¹

446 1481 723 1563 cnslrntrns
745 1489 873 1576 narnus
894 1489 960 1557 tter
974 1487 1063 1558 ons
1079 1481 1340 1664 811111ῗίὴίοῆ13
1358 1429 1539 1554 sentrude
1553 1429 1922 1556 linenmountlfn
1930 1439 2107 1558 belom·
2119 1453 2141 1462 ..

1215 1599 1267 1652 en
1340 1628 1349 1645 .

1289 1697 1297 1709 O

527 1762 579 1844 In
599 1757 767 1840 nomine
790 1755 947 1839 domini
967 1755 1118 1840 Amen.
1149 1756 1275 1840 Licet
1296 1763 1394 1836 acta
1416 1779 1559 1836 coram
1579 1752 1773 1863 Regibus
1796 1764 2102 1840 contractuum·

422 1883 705 1964 humanorum
735 1873 839 1955 satis
871 1872 993 1956 firma
1025 1863 1312 1976 dinoscuntur,
1332 1899 1386 1953 ne
1407 1879 1551 1954 tamen
1573 1869 1628 1952 ab
1649 1873 1894 1983 integritate
1916 1902 1995 1956 sua
2014 1875 2095 1957 flu·
2366 1969 2371 1978 ι

425 2002 634 2096 ctuentur,
670 1997 843 2074 sumunt
877 1991 920 2073 vi
941 1992 1087 2100 scripti
1128 1999 1382 2099 perpetuum
1412 1989 1733 2071 incrementum.
1795 1989 1982 2074 Proinde
2016 2018 2094 2075 nos
2230 1989 2236 1996 ’

298 2107 301 2122 '
344 2185 346 2188 .
385 2111 661 2216 ,Oazimirus
685 2108 753 2192 dei
774 2109 914 2217 gratia
934 2107 1036 2202 'Rex
1055 2109 1270 2192 *Poloniae
1301 2105 1669 2215 Recognoscimus
1700 2109 1907 2190 uniuersis
1950 2119 2095 2194 tenore
2185 2149 2190 2156 ·

422 2227 712 2340 praesentium
747 2225 957 2332 potituris.
1011 2223 1140 2325 Quod
1171 2253 1268 2307 cum
1288 2231 1476 2308 nostram
1512 2231 1839 2334 nostrorumque
1880 2225 2095 2311 Beronum

300 2411 304 2415 -
423 2345 588 2432 vicibus
625 2368 756 2452 quam
789 2341 981 2450 plurimis
1019 2343 1273 2426 accedentes
1309 2339 1597 2450 praesentiam
1629 2339 1778 2423 fideles
1809 2346 1942 2453 nostrj
1966 2345 2096 2429 Ciues
2233 2410 2243 2418 .

425 2461 788 2550 Sandomirienses
811 2466 1057 2542 constanter
1077 2469 1330 2570 posuerunt,
1373 2455 1598 2557 Quomodo
1637 2486 1664 2540 a
1684 2459 1829 2542 multis
1871 2461 2095 2546 retroactis

425 2577 688 2685 temporibus
709 2578 836 2658 immo
858 2604 1081 2687 nunquam
1102 2578 1327 2663 coluissent
1348 2575 1614 2658 Theloneum
1636 2577 1681 2656 in
1708 2572 1898 2659 Wislr'cr'a
1920 2578 1974 2690 (²)
2005 2579 2098 2665 Wi·
2201 2623 2207 2628 -
2260 2594 2268 2604 “

324 2797 328 2805 .
425 2695 612 2780 sliciensi
633 2692 894 2796 Castellano,
917 2695 1033 2801 quod
1053 2697 1221 2780 nomine
1244 2722 1346 2778 suae
1368 2691 1658 2778 Castellaniae
1680 2692 1735 2776 ab
1758 2693 1851 2804 alijs
1874 2695 1953 2778 sibi
1970 2699 2096 2802 cedit,

425 2813 689 2919 sedsemper
721 2812 855 2917 quieti
886 2810 940 2895 ab
973 2839 1024 2898 eo
1057 2840 1156 2897 cum
1176 2801 1264 2896 s'uis
1286 2810 1499 2897 mercibus
1521 2819 1563 2892 et
1584 2811 1712 2894 rebus
1731 2848 1735 2856 ·
1754 2812 2099 2926 quibuscumque

352 2993 356 2996 -
424 2933 509 3014 huc
531 2937 574 3010 et
590 2929 694 3012 illac
717 2926 828 3040 (sic),
851 2930 1018 3036 quoties
1051 2931 1111 3014 eis
1143 2938 1430 3042 opportunum
1461 2929 1599 3012 fuerat
1638 2913 1908 3028 trbnsierunt.
1960 2933 2100 3045 Igitur

426 3049 548 3132 nobis
568 3068 645 3157 per
664 3045 951 3134 Barthconem
973 3046 1207 3133 Oeneiuem
1239 3075 1364 3132 suum
1395 3045 1780 3134 Sondomiriensem
1819 3053 2098 3133 communiter
2158 3099 2161 3107 =
2217 3065 2225 3076 ‘

427 3157 572 3278 omnes
608 3164 755 3248 humili
789 3191 895 3248 voce
934 3167 1297 3275 supplicauerunt.
1350 3165 1409 3250 Ut
1440 3165 1523 3249 hoc
1552 3191 1700 3248 eorum
1730 3168 1820 3248 iure
1850 3168 1961 3272 vis0,
1982 3175 2102 3252 etex

427 3291 545 3374 certa
564 3280 771 3364 relatione
792 3279 1009 3366 Beronum
1031 3285 1224 3394 cognito,
1240 3285 1285 3366 in
1300 3291 1552 3394 perpetuam
1571 3284 1633 3364 rei
1652 3285 1915 3390 memoriam,
1935 3284 2101 3369 literam
2117 3299 2124 3310 '

426 3410 617 3486 nostram
657 3397 864 3508 Regalem
896 3403 955 3482 eis
979 3399 1080 3483 dar'e
1118 3401 1401 3512 dignaremur.
1453 3401 1543 3484 Nos
1583 3409 1727 3483 autem
1765 3405 1960 3510 quamvis
1997 3405 2100 3486 satis
2136 3433 2140 3440 ·

428 3515 650 3602 credibiles
672 3515 955 3624 positionibus
977 3513 1121 3602 eorum
1145 3517 1461 3622 constantibus,
1478 3527 1521 3600 et
1537 3517 1721 3602 Militum
1742 3529 1983 3605 nostrorum
2006 3519 2103 3631 Spi·
2174 3605 2179 3612 .

429 3635 560 3718 cimiri
581 3632 784 3717 videlicet
805 3633 1040 3718 Castelleni
1064 3635 1364 3721 Oracoviensis
1387 3637 1456 3750 (³),
1479 3637 1554 3744 qui
1575 3645 1674 3720 ante
1695 3637 1836 3720 firerat
1858 3637 2104 3722 Wislicien·

428 3752 485 3834 sis
508 3750 778 3836 Oastellanus
800 3753 893 3836 Nec
914 3753 1141 3839 non-Adae
1165 3755 1218 3837 de
1239 3754 1375 3858 Xiere,
1408 3755 1506 3840 olim
1536 3757 1666 3838 etiam
1684 3754 1935 3840 ‚bucelleni
1957 3753 2100 3841 Wisli·

532 3982 576 4062 (¹)
598 3981 822 4068 Doctissimus
848 3984 1017 4050 Antonius
1042 3985 1274 4052 Muczlronski
1302 3986 1413 4052 deseri
1440 3985 1484 4051 sit
1510 3985 1728 4072 apographon
1741 3984 1808 4050 hoc
1824 4007 1865 4050 ex
1881 3983 1976 4051 libris
2004 4005 2103 4052 manu

429 4065 564 4215 spriptis
595 4063 763 4170 Tabulnrii
792 4066 918 4150 publici
947 4066 1055 4155 Regni
1083 4069 1244 4136 Poloniae
1275 4009 1647 4170 „Metrylilroronne’”
1663 4067 1774 4152 dictis,
1801 4069 1866 4134 vol.
1880 4069 1932 4153 93,
1948 4091 2025 4158 pag.
2039 4071 2103 4135 323
2173 4155 2176 4162 ¹

431 4171 448 4215 e
479 4169 541 4233 seq
565 4192 575 4213 .
640 4203 645 4211 .

533 4169 577 4315 (l)
607 4232 749 4300 Wislteta
761 4231 854 4316 urbs,
866 4235 936 4319 jam
951 4257 1018 4302 non
1034 4239 1136 4307 seinel
1151 4240 1185 4306 in
1200 4239 1265 4306 hoo
1282 4237 1409 4308 Codice
1424 4237 1565 4318 laudata,
1582 4237 1815 4306 Stobnicensis
1832 4245 1884 4304 est
1896 4235 2058 4303 territorii
2072 4249 2106 4306 et

429 4317 590 4404 regionis,
606 4315 640 4381 in
655 4315 772 4402 Regno
788 4317 949 4384 moderno
972 4321 1144 4390 Poloniae·
1220 4353 1228 4370 ¹

533 4403 577 4482 (θ)
600 4401 794 4486 Spicimirus
810 4400 876 4478 hic,
892 4409 1074 4474 stemmatis
1102 4408 1239 4488 Leliwa,
1257 4407 1298 4472 de
1315 4429 1381 4492 quo
1396 4407 1488 4494 legas
1503 4407 1538 4470 in
1551 4405 1730 4494 privilegio
1757 4429 1785 4472 a.
1804 4407 1888 4474 1350
1912 4405 1999 4471 infra
2012 4415 2049 4492 ty
2074 4405 2104 4472 is

431 4495 577 4564 exarato,
592 4485 680 4584 baud
691 4483 798 4585 ‘dubio
814 4486 1012 4555 castellanus
1031 4493 1253 4559 Williciensis
1268 4493 1330 4556 suit
1345 4491 1439 4558 annis
1459 4493 1680 4558 1318—1319.
1704 4489 1818 4559 Series
1833 4492 1935 4596 igitur
1950 4428 2103 4558 castella·

431 4587 546 4632 uorum
566 4569 829 4634 Wrtlrcrensrum
845 4591 987 4655 sequens
1002 4575 1119 4642 iisdem
1135 4576 1343 4663 temporibus
1361 4577 1434 4640 suit:

484 4735 488 4744 Ι
539 4651 578 4714 1⁰.
604 4654 780 4720 Ale-candor
807 4653 930 4742 legitur
959 4679 1011 4742 ap·
1026 4657 1212 4728 Helcelium
1235 4682 1276 4744 „o
1294 4659 1482 4728 lrlasztorze
1510 4657 1806 4743 ‹ledrzejowslriml’
1837 4661 1966 4750 peg.'13
1982 4669 2015 4724 et
2031 4657 2105 4744 106,

431 4730 594 4799 subsuno
612 4738 693 4802 1306
709 4760 798 4804 mose
815 4738 1016 4824 Septembri.
1903 4751 1906 4758 ¹
2019 4789 2024 4799 ·

536 4819 580 4882 2⁰.
606 4817 713 4911 Petrae
728 4821 927 4894 castellanus
943 4825 1124 4896 Decembri
1142 4828 1225 4896 1316
1237 4827 1339 4896 'etiem
1358 4849 1411 4913 ap.
1427 4825 1612 4894 Helcelium
1630 4824 1651 4891 l.
1667 4848 1697 4893 c.
1714 4847 1791 4913 pag.
1805 4813 1859 4892 13.
