4856 5932
1150 703 1425 786 -ooo-

464 913 670 1028 Spitkone
689 923 765 998 aut
782 913 914 1024 ipsius
952 910 1178 999 heredibus
1210 881 1347 998 forum
1377 875 1607 1024 empcionis
1642 918 1845 1023 perpetue
1866 909 2008 998 facere
2028 940 2112 999 non

461 1035 689 1144 poterimus
712 1062 762 1118 ac
782 1033 905 1137 inire,
928 1040 1082 1118 extunc
1113 1031 1468 1145 quandocumque
1503 1032 1615 1115 idem
1653 1031 1844 1116 dominus
1868 1030 2018 1142 Spitlro
2039 1044 2113 1118 aut
2235 1039 2244 1042 ’

460 1153 638 1238 heredes
655 1156 744 1238 eius
760 1152 882 1238 nobis
898 1162 973 1236 aut
988 1150 1302 1237 successoribus
1319 1153 1469 1237 nostris
1485 1151 1701 1264 legittimis
1717 1149 1830 1233 mille
1846 1179 2011 1236 marcas
2022 1177 2112 1237 mo·

438 1281 558 1356 nete
580 1283 622 1357 et
641 1275 802 1358 numeri
821 1278 1106 1383 pretectorum
1125 1271 1169 1353 in
1192 1267 1368 1372 Czelcdz,
1402 1282 1476 1354 aut
1495 1273 1537 1354 in
1559 1269 1715 1353 Szewor
1727 1271 1985 1382 reposuerit,
2015 1298 2113 1381 pre·

459 1391 569 1477 fatos
594 1393 823 1497 districtus,
864 1389 1068 1476 fortalicia
1099 1417 1183 1501 que
1204 1399 1247 1474 et
1267 1389 1394 1500 opida
1414 1417 1510 1474 cum
1532 1385 1727 1475 omnibus
1749 1398 1798 1470 et'
1811 1389 1990 1501 singulis
2013 1391 2111 1474 atti-

459 1515 637 1626 nencijs,
672 1510 943 1624 pertinencijs
975 1517 1018 1594 et
1053 1511 1274 1620 appendijs
1309 1510 1515 1594 uniuersis
1538 1509 1596 1592 ad
1613 1506 1842 1618 prelibatos
1881 1509 2108 1618 districtus,

459 1631 665 1718 fortalicia
686 1639 730 1716 et
750 1630 879 1742 opida
900 1625 1209 1739 spectantibus,
1239 1631 1471 1714 memorato
1505 1627 1672 1712 domino
1705 1624 1919 1738 Spitkoni,
1940 1635 2014 1711 aut
2033 1627 2111 1712 he-

457 1752 627 1838 redibus
651 1763 693 1835 et
711 1747 1026 1834 successoribus
1047 1747 1180 1858 ipsius
1200 1748 1417 1858 legittimis
1437 1748 1654 1860 resignare
1674 1773 1751 1831 nos
1773 1747 2044 1860 astringimus
2066 1756 2112 1832 et

457 1873 711 1984 pollicemur.
764 1866 853 1956 Sub
875 1870 1059 1978 puritate
1078 1875 1219 1951 nostre
1240 1866 1341 1949 fidei
1360 1878 1404 1950 et
1422 1868 1610 1972 honoris,
1641 1866 1886 1970 occasione,
1909 1866 2016 1970 dolo,
2037 1895 2110 1952 ex·

459 1993 703 2093 cusacionc,
721 1989 927 2098 dilacione
949 1996 992 2074 et
1012 1985 1196 2072 articulis
1219 1985 1480 2096 quibuslibet
1498 1983 1647 2098 procul
1668 1985 1804 2070 motis.
1838 1983 1906 2068 Ad
1928 2014 2109 2097 quarum

459 2113 631 2221 quidem
649 2107 759 2193 mille
780 2135 1014 2192 marcarum
1035 2107 1322 2216 portacionem
1344 2115 1387 2188 et
1404 2107 1711 2217 reposioionem
1732 2106 1775 2186 in
1793 2099 1951 2188 Czelcdz
1972 2107 2110 2190 autin

459 2229 593 2314 Seuer
612 2238 787 2338 treugas
807 2229 924 2337 pacis
947 2224 1105 2312 Christi
1125 2223 1313 2308 fidelium
1333 2233 1377 2308 et
1396 2226 1559 2310 saluum
1591 2223 1849 2310 conductum
1876 2224 2011 2308 eidem
2033 2223 2109 2310 do·
2252 2220 2256 2228 ’

456 2351 567 2434 mino
591 2347 787 2459 Spitlroni
809 2357 852 2430 et
871 2343 1143 2456 portitoribus
1180 2344 1422 2428 carumdem
1456 2353 1619 2449 nostro,
1641 2355 1684 2426 et
1703 2351 1941 2428 nostrorum
1971 2340 2106 2428 homi-

453 2491 558 2554 num
577 2465 869 2580 quorumlibet,
891 2465 1194 2574 cuiuscumque
1215 2472 1364 2568 status,
1385 2464 1563 2576 gradum
1586 2462 1844 2548 condicionis
1868 2469 1910 2544 et
1929 2463 2109 2572 preemi-

433 2609 435 2612 ·
457 2589 607 2670 nencie
627 2587 819 2689 existant,
840 2583 1090 2688 nominibus,
1113 2585 1277 2686 damus,
1297 2582 1536 2692 prebemus,
1558 2581 1810 2667 conferimus
1833 2591 1875 2664 et
1893 2579 2107 2693 largimurr

460 2705 627 2792 sivero
651 2707 882 2808 districtus,
917 2701 1125 2787 fortalicia
1148 2712 1190 2786 et
1210 2701 1338 2814 opida
1366 2703 1586 2814 resignare
1609 2701 1776 2786 domino
1810 2698 2003 2810 Spitkoni
2034 2707 2109 2786 aut

455 2825 680 2910 heredibus
700 2826 831 2935 ipsius
854 2821 1155 2928 distulerimus,
1177 2831 1278 2906 tunc
1300 2819 1478 2932 quilibet
1496 2829 1734 2908 nostrorum
1757 2819 1853 2934 (sic)
1876 2815 2110 2930 suprascri-

309 2973 312 2980 ‘
455 2954 625 3058 ptorum
643 2945 879 3054 principum
893 2949 1058 3024 tenetur
1079 2942 1184 3025 duos
1204 2941 1363 3026 nobiles
1386 2949 1429 3024 et
1447 2939 1639 3024 militales
1654 2965 1856 3050 personas
1875 2937 2109 3049 quamlibet

456 3095 554 3152 cum
574 3063 708 3148 tribus
731 3066 851 3176 equis
874 3061 1133 3148 Oracowiam
1156 3061 1212 3143 ad
1231 3087 1361 3144 unum
1382 3069 1632 3146 consuetum
1652 3057 1884 3168 hospicium
1922 3058 2107 3143 destina·

454 3213 512 3292 re,
532 3183 607 3270 ubi
638 3214 664 3268 a
682 3185 873 3295 predicto
897 3182 1062 3264 domino
1086 3177 1290 3290 Spithone
1313 3187 1388 3261 aut
1409 3179 1495 3262 suis
1517 3176 1833 3264 successoribus
1855 3175 2106 3261 fuerint-de-

454 3303 687 3391 monstrati.
718 3301 869 3413 Ibique
890 3312 978 3384 tam
1010 3299 1082 3383 diu
1110 3299 1270 3404 iacere,
1289 3324 1368 3382 nec
1397 3297 1496 3382 iude
1527 3297 1608 3384 sub
1638 3295 1722 3382 fide
1743 3297 1961 3382 ethonore
1983 3295 2108 3404 exire,

332 3465 340 3481 ·
455 3451 681 3537 quousque
702 3422 870 3505 domino
903 3417 1097 3534 Spitkoni
1120 3429 1162 3502 et
1181 3419 1267 3500 suis
1303 3416 1639 3525 successoribus,
1673 3416 1856 3528 predicti
1892 3415 2106 3504 districtus

454 3541 714 3654 lublynensis
735 3549 780 3623 et
798 3537 1163 3652 rozcmbergcnsis
1185 3547 1227 3620 et
1245 3535 1545 3625 fortaliciorum
1565 3547 1608 3622 et
1630 3535 1878 3650 oppidorum
1918 3537 2106 3644 plenaria

454 3661 570 3745 facta
589 3659 716 3744 suerit
733 3660 961 3745 restitucio.
1014 3657 1060 3744 Si
1079 3659 1339 3768 uero„quod
1360 3656 1482 3760 absit,
1502 3655 1784 3768 predictorum
1807 3653 2005 3741 nobilium
2028 3655 2105 3738 ali-

456 3808 583 3892 quem
604 3781 710 3865 mori
740 3779 1018 3890 contingerit,
1060 3787 1212 3862 extunc
1248 3804 1325 3862 nos
1361 3776 1635 3888 suprascripti
1668 3775 1878 3886 principes
1912 3783 2105 3856 tenemur
2182 3795 2186 3802 ’

453 3927 586 3988 unum
617 3898 743 3980 alium
773 3899 946 3981 similem
979 3898 1060 3982 sibi
1087 3897 1180 3981 loco
1214 3896 1401 3979 eiusdem
1421 3893 1528 3978 infra
1548 3897 1738 4005 spacium
1760 3893 1915 3978 XIIII⁰¹
1943 3893 2132 3978 dierum.

455 4021 511 4106 ad
530 4015 765 4128 predictum
785 4017 1019 4126 hospicium
1042 4043 1139 4098 cum
1159 4012 1293 4098 tribus
1334 4015 1455 4123 equis
1478 4013 1698 4098 destinare.
1746 4013 1791 4100 Si
1812 4039 1912 4097 uero
1933 4013 2103 4096 restitu-

454 4141 519 4225 cio
540 4134 825 4248 predictorum
847 4135 1128 4236 districtuum,
1164 4133 1460 4218 fortaliciorum
1482 4141 1525 4215 et
1546 4133 1764 4244 opidorum
1784 4130 1893 4216 infra
1912 4131 2104 4241 spacium
2170 4231 2174 4238 ,

452 4257 584 4343 XIIII
625 4255 785 4339 dierum
825 4263 924 4364 post
961 4254 1196 4364 ingressum
1230 4249 1285 4334 ad
1305 4251 1540 4362 hospicium
1575 4254 1860 4364 predictorum
1901 4251 2103 4335 nobilium

453 4379 569 4462 facta
587 4403 673 4461 non
693 4371 836 4477 fuerit,
860 4379 1033 4457 extunc
1066 4369 1256 4456 dominus
1288 4367 1436 4482 Spitlro
1461 4379 1503 4454 et
1522 4371 1588 4454 sui
1618 4397 1886 4456 successores
1907 4369 2102 4482 legittimi

454 4497 612 4581 debent
630 4503 674 4578 et
693 4502 871 4606 possunt
890 4519 967 4578 nos
987 4492 1298 4602 suprascriptos
1329 4492 1559 4602 principcs3
1589 4501 1716 4601 prout
1732 4491 1834 4604 ipsis
1857 4500 2100 4598 competens

451 4616 673 4720 uidebitur,
703 4612 938 4698 secundum
974 4619 1164 4697 tenorem
1194 4621 1429 4698 nostrarum
1458 4610 1672 4695 literarum
1705 4635 1919 4709 amouere,
1951 4617 1994 4691 et
2021 4633 2101 4692 nos

451 4731 601 4848 prefati
639 4733 847 4846 principes
869 4734 912 4816 in
931 4731 1042 4818 nullo
1074 4729 1276 4815 debemus
1296 4732 1355 4814 eis
1377 4757 1423 4812 se
1445 4755 1656 4838 opponere
1680 4737 1721 4813 et
1741 4728 1998 4814 contrariari.
2049 4723 2101 4810 In

453 4855 574 4939 cuius
593 4854 654 4935 rei
673 4854 958 4940 testimonium
998 4859 1142 4940 nostra
1181 4849 1323 4963 sigilla
1363 4849 1630 4966 presentibus
1667 4857 1765 4934 sunt
1795 4846 1874 4932 sub
1897 4871 2099 4958 appense.
