4930 5922
1056 769 1102 787 -··
1163 731 1231 806 153
1259 751 1342 806 *···.

1119 1144 1280 1261 txvt
1347 1189 1352 1194 ·

597 1441 604 1448 ·
642 1299 1014 1486 oraccctaess-
1025 1398 1122 1534 dte
1137 1395 1177 1484 3
1193 1399 1402 1526 Anatis
1418 1398 1567 1490 1288
1585 1419 1753 1490 mc.

360 1623 519 1714 me·
544 1619 647 1694 near
661 1617 816 1708 niger
829 1615 894 1690 «ιιι
908 1617 1087 1706 osane,
1115 1580 1324 1692 tunimo
1338 1620 1373 1690 e
1384 1618 1540 1726 smne,
1554 1621 1742 1699 nomm
1764 1623 2024 1716 rumperent

353 1723 426 1817 irre
455 1721 612 1797 uranu
638 1717 785 1793 maru
812 1717 904 1791 ritu
930 1719 1062 1807 Busty
1077 1721 1111 1790 et
1126 1721 1258 1786 Meneta
1273 1720 1432 1812 permittit
1446 1723 1480 1794 et
1495 1721 1582 1814 Jrn,
1613 1721 1749 1798 valtero
1764 1725 1829 1798 tiri
1843 1723 2036 1806 treunam

416 1854 419 1864 ·
617 1841 618 1846 ¹
778 1817 1552 1910 ammmauunnuunu,nnumt
1565 1825 1618 1908 (¹).
1755 1825 1762 1834 “
1981 1890 1984 1896 ,

464 2029 515 2114 In
536 2030 704 2132 nomine
726 2027 882 2112 domini
905 2055 1042 2108 amen.
1075 2009 1290 2112 Noueritis
1312 2031 1498 2112 uniuersi
1519 2038 1607 2112 tam
1627 2043 1889 2140 praesentes,
1907 2063 2038 2146 quam

275 2175 278 2178 *
360 2147 509 2258 futnrj,
547 2147 663 2256 quod
695 2173 773 2228 nos
805 2145 945 2228 Lescc
977 2143 1060 2227 Dei
1092 2147 1240 2255 gracia
1259 2147 1360 2230 Dux
1383 2147 1660 2252 Orneoniae,
1680 2149 1974 2236 Sandomiriae
1997 2169 2041 2240 et

362 2265 564 2368 Siradiae,
586 2265 642 2350 ob
663 2264 844 2346 salutem
866 2261 1033 2344 animae
1055 2274 1244 2369 nostrae,
1267 2265 1322 2349 ob
1340 2266 1636 2376 religiosorum
1658 2267 1834 2350 fratrum
1857 2279 1901 2351 et
1921 2294 2039 2358 soro-

231 2451 234 2458 ,
361 2413 452 2468 rum
474 2385 555 2468 sub
577 2383 728 2492 regula
748 2381 865 2464 beati
886 2381 1117 2490 Augustini
1137 2381 1231 2468 Deo
1253 2385 1547 2468 famulantium
1568 2385 1773 2488 fauorem,
1792 2396 1835 2468 et
1850 2415 2039 2474 amorem

364 2505 513 2586 domus
538 2510 582 2585 et
602 2501 783 2610 Oenobij
805 2497 1101 2582 Znierzicr'ensrs
1118 2499 1217 2614 (sic)
1240 2497 1295 2615 (')
1325 2503 1541 2614 justisque
1582 2503 1868 2613 peticionibus
1891 2533 1942 2588 ao
1965 2508 2040 2588 de-

275 2633 278 2640 ’
362 2621 472 2703 uotis
512 2620 669 2704 domini
705 2618 937 2704 Clementis
970 2621 1199 2726 praepositi
1233 2618 1420 2727 ejusdem
1443 2621 1610 2732 cenobij
1628 2617 1889 2727 annuentes,
1910 2621 2040 2706 talem

365 2737 550 2850 gratiam
570 2737 651 2846 ipsi
670 2736 914 2846 praeposito
937 2745 981 2817 et
1000 2738 1255 2821 monasterio
1285 2737 1537 2850 praelibato.
1552 2739 1748 2823 duximus
1784 2739 2038 2824 faciendam:
2100 2803 2104 2820 ,
2150 2800 2154 2803 -

305 2853 306 2870 ¹
363 2865 412 2938 ut
431 2855 718 2938 haereditates
739 2881 860 2956 snas,
883 2869 997 2964 qnae
1017 2855 1251 2966 uulgariter
1267 2856 1501 2966 Bitictpet
1518 2859 1717 2942 Mesenen>
1739 2869 2040 2970 nuncupantur

363 2975 503 3058 locare
539 2973 711 3058 valeant
731 2973 829 3056 sub·
837 2972 935 3080 jure
967 2971 1259 3077 Thentonico,
1284 2985 1326 3055 et
1345 2974 1503 3056 ibidem
1537 2979 1807 3062 omnimodas
1844 2978 2067 3062 nationes.

365 3095 553 3202 exceptis
575 3091 745 3177 Polonis
769 3092 820 3174 de
843 3092 998 3206 nostris
1031 3087 1358 3205 nostrorumque
1398 3093 1576 3176 militurn
1600 3093 1911 3182 Polonioalibus
1933 3095 2040 3182 villu

186 3387 192 3400 2
255 3409 261 3419 ,
290 3327 313 3372 ’·
389 3406 394 3417 ,
470 3343 513 3422 (¹)
534 3340 767 3408 Mnozkowslri
797 3341 978 3429 descripsit
1007 3339 1221 3407 eTabulario
1244 3341 1379 3430 publico
1395 3343 1503 3432 Regni
1519 3347 1682 3433 (Metryki
1698 3347 1766 3411 vol.
1777 3349 1819 3412 68
1834 3371 1911 3436 pag.
1930 3349 1994 3414 250
2009 3360 2042 3414 et

51 3460 54 3468 ·
236 3493 243 3500 ,
367 3428 489 3510 seqq).
525 3421 666 3512 Apogra
690 3426 758 3492 hon
772 3447 855 3492 raro
869 3426 967 3512 hujus
983 3427 1094 3494 nostri
1115 3423 1283 3514 privilegii
1300 3428 1336 3498 iu
1350 3439 1559 3517 transumpto
1583 3429 1788 3518 sigismundi
1818 3433 1920 3498 Primi
1950 3433 2040 3520 regis

320 3541 326 3548 ·
369 3517 567 3592 asservatur,
584 3532 650 3596 qno
689 3512 850 3596 sequitur:
1121 3547 1126 3555 ·
1196 3579 1204 3594 ,

471 3597 566 3659 1544.
590 3595 821 3683 sigismundus
837 3595 903 3661 Dei
918 3593 1025 3676 gratia
1040 3595 1112 3659 Iter
1127 3593 1286 3662 Paioniae
1302 3605 1355 3661 ete
1382 3597 1548 3664 uniuersis
1568 3608 1601 3664 et
1616 3597 1767 3686 singuiis,
1799 3617 1937 3682 qnorum
1953 3597 2038 3666 inte·
2141 3629 2145 3633 ·

367 3689 445 3762 rest,
476 3679 701 3763 nranifestnm,
731 3689 954 3764 testatumque
982 3679 1130 3745 iacimus.
1178 3679 1277 3762 Quod
1302 3679 1486 3764 productae
1510 3691 1586 3746 sunt
1607 3705 1721 3749 coram
1747 3682 1844 3748 nobis
1876 3681 1991 3750 literae
2002 3684 2041 3749 in
2087 3709 2096 3736 ·

364 3775 459 3832 carta
482 3765 644 3850 pecorina
670 3767 826 3914 scriptae²
843 3775 877 3865 et
894 3765 992 3862 signo
1013 3787 1163 3864 appenso
1188 3764 1420 3848 communitae,
1447 3764 1585 3832 illustris
1605 3766 1682 3832 olim
1697 3767 1860 3854 principis
1876 3767 2041 3836 Leseonis

367 3849 603 3918 Craooniensis
619 3859 654 3916 et
669 3851 736 3918 San

368 3943 532 4014 carentes,
547 3935 674 4000 tenoris
690 3935 895 4021 infrascripti
941 3932 1047 4018 Atque
1064 3935 1285 4022 supplicatum
1299 3933 1398 4015 nobis
1413 3934 1493 4016 fuit,
1513 3943 1551 4001 nt
1567 3935 1574 3950 ’
1599 3959 1637 4002 as
1653 3935 1696 4002 ob
1718 3959 1828 4002 earum
1844 3945 2041 4004 vetustatem

366 4021 541 4102 'munnere
553 4019 740 4122 approbare
752 4029 788 4086 et
799 4019 996 4124 confirmare
1011 4019 1230 4108 dignaremur.
1254 4018 1399 4101 Quaem
1415 4019 1549 4103 quidem
1562 4020 1731 4102 literarum
1743 4022 1829 4094 haec
1840 4032 1917 4093 sunt
1928 4021 2041 4094 rerba:

367 4104 985 4288 (Hoelprpsplrtpplrppsumlppczppgppffl).
1008 4167 1240 4256 nonnullorum
1268 4187 1542 4288 Consiliariornm
1558 4200 1758 4272 annuentes,
1780 4189 1893 4257 literas
1907 4187 2042 4277 praein-

305 4357 307 4362 .
369 4279 476 4336 sertas
486 4272 520 4336 in
533 4273 686 4342 omnibus
700 4297 813 4342 earam
823 4273 982 4354 artienlrs,
992 4274 1127 4359 punctis
1143 4271 1439 4366 mcondrtronibus
1451 4277 1673 4352 renovandus,
1687 4275 1908 4352 ratiticsndas,
1920 4295 2041 4362 appro-

369 4355 495 4422 bandas
513 4367 547 4430 et
560 4359 806 4428 confirmandas
818 4359 991 4440 dnximnu
1006 4359 1310 4446 approbamnsqne,
1324 4357 1525 4430 ratificamus
1540 4369 1575 4426 et
1590 4361 1838 4444 continuemus,
1857 4360 2042 4458 praesenti·

357 4439 432 4514 =bns
446 4439 552 4508 literis
568 4444 703 4514 nostris.
727 4445 956 4512 Decernentes
971 4441 1044 4510 illas
1061 4454 1094 4510 et
1109 4445 1268 4509 omniaac
1282 4443 1412 4532 singnis
1425 4443 1520 4510 ineis
1536 4454 1694 4510 contenta
1709 4453 1742 4508 et
1757 4443 1925 4532 descripta
1938 4443 2042 4510 robur
2064 4451 2069 4462 ’
2135 4515 2138 4520 ,

370 4524 521 4592 obtinere
547 4527 669 4595 debere
695 4529 828 4597 debitae
843 4527 1006 4594 firmitatis
1050 4529 1175 4595 Harum
1191 4527 1386 4595 testimonio
1402 4526 1580 4611 literarum,
1597 4529 1718 4613 quibus
1734 4527 1876 4628 sigilium
1891 4539 2041 4597 nostrum

370 4619 422 4676 est
433 4633 630 4762 appensam.
665 4615 788 4684 Datum
803 4615 837 4682 in
853 4614 1047 4712 chietqrtt
1071 4613 1156 4715 feria
1182 4614 1297 4698 quinta
1321 4623 1400 4699 post
1421 4613 1544 4683 festum
1567 4613 1721 4682 undecim
1737 4609 1839 4682 mallia
1863 4615 2039 4704 virginum,

331 4711 335 4716 ’
369 4715 456 4762 anno
497 4719 599 4765 onum
615 4699 712 4770 ΜΛ)
735 4699 870 4768 xum
891 4700 999 4787 Regni
1012 4707 1120 4768 nostri
1130 4697 1329 4770 XXXVIII·

474 4781 518 4860 (²)
540 4781 593 4848 De
623 4783 701 4849 villa
736 4785 942 4878 Zwierzpniec
976 4781 1051 4850 ride
1085 4807 1154 4870 Jsun
1191 4805 1292 4868 supra
1327 4779 1574 4852 annotationem
1605 4785 1624 4848 2
1663 4783 1838 4870 praemissi
1874 4783 2060 4870 privilegii-

363 4859 421 4932 ·N0.
433 4864 597 4934 xxxru
618 4867 871 4956 mattea
885 4879 919 4935 et
931 4869 1061 4936 uam
1070 4871 1140 4954 jun
1154 4877 1369 4964 evanuerunt
1844 4899 1848 4909 ,

466 4965 604 5012 rmus
656 4993 669 5029 ,-
1522 5019 1524 5025 ,
1689 4965 1693 4974 ’
1895 4969 1938 5034 20

761 3871 949 3916 ominensrs
975 3847 1081 3914 Ducis
1109 3849 1231 3930 saluae,
1256 3847 1418 3936 integrae,
1435 3857 1468 3914 et
1484 3851 1572 3916 omni
1611 3871 1727 3918 rorsus
1745 3852 1941 3938 suspitionis
1957 3851 2040 3918 vitio
2162 3879 2163 3883 ¹
2280 3882 2286 3890 =
