4856 5932
1065 737 1343 814 -365-

372 940 620 1055 assignavit.
651 937 840 1027 Residua
859 969 961 1027 vero
981 943 1096 1026 bona
1115 941 1385 1025 remanencia
1405 939 1448 1022 in
1471 939 1594 1024 domo
1616 940 1838 1050 prehabita
1858 942 1913 1026 ad
1934 971 2044 1054 pro-·

371 1064 525 1168 ximos,
546 1061 815 1170 virorumque
837 1089 982 1148 eorum
1003 1062 1160 1145 amicos
1183 1061 1337 1144 divolvi
1359 1059 1589 1162 debebunt,
1610 1061 1844 1142 secundum
1877 1085 2035 1176 equam'

374 1181 621 1265 divisionem
656 1181 824 1288 ultim03
847 1181 1002 1265 sivero
1038 1180 1194 1292 longus
1230 1181 1381 1290 paulus
1401 1191 1523 1291 pater
1543 1179 1732 1261 stanislai
1753 1183 2033 1291 prenominati

372 1326 421 1384 se
441 1301 573 1384 vellet
593 1301 892 1385 denominatis
913 1309 1084 1383 centum
1104 1301 1254 1382 marcis
1279 1329 1375 1384 cum
1404 1297 1716 1410 quinquaginta
1737 1299 1890 1382 marcis
1913 1313 2034 1384 antc-

372 1428 505 1530 quam
524 1419 580 1503 ad
600 1446 733 1504 annos
756 1421 984 1525 devenerit,
1004 1419 1292 1524 intromittere,
1310 1429 1463 1502 extunc
1485 1419 1677 1502 consules
1698 1417 1910 1529 prehabiti
1931 1446 2033 1505 con-

371 1539 528 1622 sentire
549 1564 635 1623 non
656 1548 866 1636 tenentur.
918 1539 968 1624 In
990 1539 1107 1621 cuius
1128 1539 1190 1642 rei
1212 1539 1471 1622 evidenciam
1492 1539 1624 1621 nostri
1644 1537 1890 1621 scabinatus
1912 1538 2033 1650 sigil-

370 1657 459 1742 lum
500 1651 695 1742 duximus
736 1657 1078 1770 appendendum.
1130 1656 1292 1739 Datum
1328 1655 1481 1769 quarta
1510 1655 1616 1740 feria
1645 1668 1744 1770 post
1764 1657 2029 1742 dominicam:

374 1775 505 1875 Quasi
519 1775 634 1858 modo
652 1778 787 1890 pertiti.
839 1777 963 1862 Anno
985 1775 1217 1892 millesimo
1232 1777 1647 1888 quadringentesimo
1668 1777 1812 1861 tercio.
1866 1774 1912 1861 Si
1932 1804 2034 1864 vero

370 1895 523 2008 longus
543 1894 701 1980 Paulus
723 1895 1005 1981 sufficientem
1026 1898 1267 1980 cautionem
1287 1895 1494 2006 posuerit,
1512 1904 1664 1979 extunc
1684 1895 1856 1980 Domini
1877 1923 2034 1981 consu-

370 2014 434 2098 les
458 2015 592 2098 dictas
625 2025 795 2100 centum
824 2042 990 2100 marcas
1022 2043 1119 2098 cum
1151 2015 1463 2128 quinquaginta
1493 2013 1620 2125 p'aulo
1644 2015 1742 2098 dare
1762 2014 2032 2121 tenebuntur,

264 2181 269 2192 ·
372 2134 486 2220 omni
507 2135 673 2244 absque
694 2135 1041 2221 contradictione.

473 2633 476 2640 ¹
1056 2481 1357 2602 onxxxvu.

675 2739 1096 2828 &meviae-4
1116 2738 1373 2825 ocream
1397 2735 1549 2826 1403
1567 2757 1733 2824 anno.

369 2959 512 3038 [rasim
525 2959 563 3036 ds
577 2963 768 3043 Jodlowadt,
785 2961 942 3036 dinitirn
955 2893 1075 3054 psal·
1090 2943 1231 3036 luente
1245 2977 1320 3034 sare
1333 2959 1476 3050 piscinae,
1502 2959 1772 3032 interloquente
1784 2961 1818 3033 ct
1832 2961 2034 3052 Dotropntao

417 3085 423 3096 ·
637 3063 784 3159 latentis,
809 3065 899 3158 idque
913 3063 1111 3156 superruo
1126 3065 1232 3145 Ponte,
1252 3061 1420 3181 ὓοιιιιῐιι
1434 3061 1589 3134 tinctus
1602 3061 1697 3136 out
1713 3064 1764 3144 (¹).

320 3287 323 3294 '
472 3271 561 3357 Nos
581 3271 766 3358 Michael
780 3271 915 3383 judex
936 3281 979 3357 et
998 3272 1242 3358 Dobeslaus
1273 3269 1481 3355 subiudex
1511 3280 1622 3354 terre
1643 3268 1936 3356 Oracoviensis
1958 3299 2036 3383 ge-

370 3391 552 3495 nerales,
569 3401 717 3476 notum
737 3390 915 3477 facimus
938 3390 1092 3502 quibus
1110 3393 1290 3504 expedit,
1306 3391 1510 3476 universis
1526 3389 1794 3500 presentibus
1814 3399 1856 3471 et
1870 3387 2033 3497 futruis,

367 3510 635 3622 presencium
670 3511 870 3594 noticiam
906 3508 1127 3594 habituris:
1166 3509 1294 3614 Quod
1330 3511 1539 3607 accedens
1562 3509 1617 3592 a'd
1639 3517 1847 3611 nostram,
1866 3505 2070 3593 nostro-⁸

367 3654 548 3741 rumque
570 3655 832 3714 assessorum
851 3626 1137 3740 presenciam,
1177 3629 1330 3714 nobilis
1351 3630 1414 3714 vir
1433 3627 1634 3732 Nicolaus
1653 3627 1793 3712 Heres
1816 3625 1869 3708 de
1892 3623 2034 3710 Jodlo-

368 3747 522 3860 wuikz'j,
560 3774 689 3831 sanus
725 3757 885 3852 mente,
920 3757 1048 3858 prout
1068 3758 1110 3830 et
1130 3775 1306 3860 corpore
1328 3748 1532 3850 existens,
1566 3772 1651 3830 non
1687 3743 1931 3854 compulsus
1953 3774 2034 3830 nec

369 3877 564 3972 coactus,
585 3868 664 3950 scd
684 3867 734 3950 de
756 3865 871 3952 bona
891 3867 1109 3952 voluntate
1130 3894 1209 3953 sua
1221 3867 1391 3980 jugiter·
1411 3864 1655 3976 prehabita,
1677 3863 1949 3948 medietatem
1968 3865 2034 3974 pi-

369 3985 485 4068 scine
505 4014 583 4070 sue
605 3987 770 4070 deserte
790 3987 934 4090 totius,
955 4014 1083 4096 super
1102 3987 1273 4070 flumine
1294 3982 1429 4086 Potolr,
1451 3986 1559 4069 inter
1581 3981 1840 4096 Jodlownz'lu'j
1863 3992 1905 4066 et
1925 3985 2034 4068 inter

368 4103 619 4218 Dabropnew
634 4110 864 4216 jacentem,
881 4107 1133 4218 cumipsius
1153 4107 1393 4190 medietatis
1413 4105 1575 4214 piscine
1598 4102 1804 4190 omnibus:
1820 4103 1930 4212 jure,
1951 4103 2035 4186 uti·

367 4221 506 4326 litate,
542 4223 746 4331 dominio,
782 4231 948 4338 aggere
964 4235 1007 4309 et
1026 4225 1217 4338 fossatis;
1252 4223 1355 4309 nihil
1375 4233 1519 4335 prosse
1532 4224 1642 4334 juris
1673 4225 1741 4308 vel
1772 4221 1958 4306 utilitatis
1988 4223 2033 4304 in
2109 4323 2114 4330 .

222 4397 225 4403 ‹
368 4341 520 4424 eadem
540 4343 771 4428 medietate
791 4347 950 4456 piscine
971 4345 1248 4452 reservando,
1268 4371 1345 4457 pro
1366 4343 1520 4455 viginti
1539 4345 1694 4427 marcis
1714 4341 1894 4452 pecunie
1917 4367 2037 4425 com·
2099 4333 2101 4345 '

366 4461 526 4563 munis,
547 4464 709 4544 numeri
728 4463 976 4572 polonicalis
998 4464 1208 4568 consueti,
1229 4460 1458 4548 venerabili
1482 4462 1649 4546 domino
1666 4459 1844 4544 Nicolao
1860 4457 2034 4569 Abbati,

367 4579 534 4692 totique
575 4581 801 4704 conventui
840 4584 1083 4668 monasterii
1115 4583 1168 4667 de
1193 4577 1379 4694 Cryrzycz
1414 4589 1458 4667 et
1490 4581 1676 4692 ipsorum
1718 4579 2034 4666 successoribus

316 4845 326 4868 .
475 4815 515 4896 (¹)
537 4813 591 4880 Ex
607 4812 840 4916 archetypam
856 4815 1420 4901 Tabuerioquodam‚inGal.1icia,
1436 4823 1607 4883 asservato
1632 4812 1808 4902 descripsit
1834 4813 1980 4882 tabulam
2000 4824 2036 4881 et

369 4898 543 4998 nobiscnm
559 4899 1222 4991 communicavitJooephusnepkowski.
1464 4933 1466 4940 v
