4952 5926
1044 741 1290 814 ..03-

1108 1038 1247 1152 XXX·

839 1223 1496 1400 Racieuri-unno1254.
1624 1303 1628 1309 ·

211 1397 215 1404 ἱ
329 1379 639 1521 ΙῖἱῑΙΙΜΙΙΙ
660 1437 700 1512 ⁴¹0
720 1437 1034 1520 llmhunen
1055 1440 1307 1542 ,stuprantur
1321 1441 1451 1512 nauum
1464 1440 1574 1514 tou!
1590 1443 1796 1518 maudut
1816 1431 2002 1522 ahisar*
2040 1373 2050 1386 ι

326 1533 455 1606 ladit!
470 1529 710 1624 pululante
723 1526 973 1600 saumana
989 1526 1106 1602 nmen
1119 1543 1185 1616 rap
1198 1526 1404 1598 aruum
1418 1529 1453 1598 a
1466 1527 1622 1602 scranto
1635 1529 1706 1607 lui
1727 1531 1883 1610 lusura
1896 1529 1998 1624 naua

724 1607 856 1700 gudan
875 1613 909 1682 at
919 1609 991 1702 jura
1013 1613 1158 1730 perpetu
1175 1609 1531 1700 pauitantem-coarat
1546 1615 1600 1698 (¹).

434 1786 486 1868 In
520 1783 689 1866 nomine
725 1783 883 1867 domini
929 1784 1060 1868 nostri
1114 1781 1242 1894 (Jcsu
1280 1781 1454 1892 Christi)
1496 1783 1663 1867 Amen
1701 1786 1849 1870 Frater
1890 1787 1998 1871 Bur·

327 1905 514 1987 ahardus
555 1902 607 1984 de
642 1899 901 1983 Hornhusen
941 1903 1264 2008 vicepreeeptor
1305 1900 1479 1982 fratrum
1528 1903 1679 1984 domus
1729 1903 1997 1989 Theutonice

325 2026 370 2104 in
405 2020 582 2108 Pruscia
619 2017 849 2128 [Vniuersis
882 2017 1055 2129 Christi]
1092 2017 1295 2110 fidelibus
1326 2043 1501 2124 presens
1538 2021 1741 2128 scriptum
1777 2025 1995 2131 inspectu-

328 2141 386 2225 ris
420 2137 690 2248 presentibus
729 2145 771 2216 et
805 2135 956 2218 futuris
995 2135 1184 2220 Salutem
1214 2139 1257 2217 in
1279 2136 1447 2220 domino
1469 2137 1782 2245 sempiternam.
1819 2141 1998 2223 Nouerit

325 2253 577 2343 vniuersitas
598 2263 743 2337 uestra
763 2255 880 2362 quod
901 2279 981 2335 nos
1005 2255 1058 2334 de
1078 2251 1282 2362 trultrum-
1294 2262 1532 2338 nostrorum
1550 2254 1722 2338 consilio
1739 2266 1784 2338 et
1800 2257 2003 2367 con]een-„

326 2401 388 2480 su,
412 2371 635 2457 excellenti
654 2373 744 2455 viro
761 2371 927 2479 Danielj
945 2371 1086 2455 Primo
1107 2371 1219 2480 Regi
1240 2371 1545 2475 Ruthenorum,
1568 2381 1612 2453 et
1630 2371 1788 2454 Illustri
1808 2373 1995 2482 Principi

328 2493 572 2578 Saamovito
593 2490 708 2571 Duci
726 2489 920 2572 Maaouie
943 2498 988 2569 et
1008 2515 1153 2572 eorum
1173 2487 1314 2594 liberis
1336 2491 1513 2571 terciam
1542 2497 1708 2599 partem
1743 2489 1996 2599 [TerreJa-
2041 2559 2046 2568 .
2105 2547 2112 2558 -
2214 2527 2221 2540 ·

327 2607 630 2717 bascanorum]
651 2605 891 2691 Christiano
919 2607 1078 2689 nomini
1109 2605 1426 2718 subiugandam
1458 2633 1556 2688 eum
1588 2609 1703 2712 omni
1741 2609 1996 2694 iurisdictio-

325 2755 398 2810 ne·
418 2735 461 2808 et
490 2725 579 2805 iura
613 2725 837 2833 temporali
871 2721 1122 2806 conferimus
1158 2727 1457 2834 inperpetuum
1492 2725 1807 2832 possidendam.
1840 2725 1923 2810 Pro
1947 2755 1998 2814 eo

178 2899 185 2918 .
324 2855 373 2930 vt
402 2841 787 2955 quotienscumque
823 2871 849 2924 a
878 2842 1002 2925 nobis
1032 2841 1365 2954 reqluirerentur
1400 2843 1564 2954 contra]
1603 2843 1783 2926 eandem
1820 2853 1993 2954 gentem

324 2962 582 3062 Barbarum,
626 2969 669 3040 et
708 2959 943 3072 quamlibet
984 2959 1132 3063 aliam,
1180 2959 1308 3042 iidem
1335 2961 1618 3060 xchristianam
1659 2963 1991 3072 inpugnantem,

328 3107 471 3165 eorum
501 3076 626 3160 nobis
668 3079 887 3186 personale
922 3086 1116 3186 prestent
1151 3079 1350 3162 auxilium
1388 3088 1431 3161 et
1465 3081 1677 3164 iuuamen.
1732 3075 1859 3178 Quod
1886 3083 1921 3164 si
1944 3111 1996 3166 ex
2092 3077 2124 3116 ”

214 3254 217 3260 ,
328 3195 501 3311 [aliquo]
541 3217 650 3278 casu·
679 3197 889 3305 prepediti
935 3195 1129 3286 forsitan,
1146 3194 1287 3279 facere
1328 3224 1416 3279 non
1449 3200 1646 3306 poterint,
1688 3195 1853 3308 absque
1868 3285 1879 3298 ,
1897 3199 1994 3283 dolo
2080 3201 2087 3222 ‘

294 3307 470 3400 veorum
504 3313 785 3422 inpotentiam
806 3314 875 3398 vel
895 3313 1146 3418 absentiam,
1183 3313 1411 3424 suppleant
1444 3343 1521 3425 per
1559 3343 1748 3400 suorum·
1772 3315 1992 3399 hominum
2061 3421 2068 3432 Ι
2127 3337 2134 3346 ’

323 3433 587 3532 missionem,
639 3459 690 3513 ac
731 3431 766 3512 si
807 3459 952 3518 eorum
997 3427 1243 3514 exhiberent
1287 3436 1547 3540 presentiam
1592 3432 1871 3542 personalem.
1929 3435 1989 3528 Et

324 3551 428 3664 quia
449 3547 613 3656 discidij
636 3549 866 3632 seminator
887 3549 983 3658 odit
997 3550 1269 3632 concordiam
1290 3551 1507 3632 hominum
1540 3559 1588 3632 ut
1618 3549 1781 3632 fructus
1816 3575 1994 3633 eoncor-

324 3671 390 3753 die
414 3667 656 3775 depereant,
680 3667 885 3750 etodium
913 3667 1021 3747 inte'r
1039 3665 1243 3749 bomines
1277 3675 1514 3777 generetur,
1552 3695 1628 3775 pro
1665 3664 1895 3748 concordia
1929 3670 1994 3750 in-

321 3793 574 3898 perpetuum
589 3787 699 3868 inter
718 3811 795 3870 nos
818 3783 1062 3896 obtinenda,
1094 3811 1191 3867 cum
1210 3784 1416 3894 predictis
1449 3783 1674 3870 Nobilibus
1711 3785 1998 3888 conueniatur

320 3909 363 3987 in
383 3907 496 3986 hanc
517 3895 696 4000 'formam
715 3913 765 3985 ut
784 3904 908 3988 nobis
938 3929 1025 3988 non
1055 3902 1191 3985 solum
1227 3903 1432 3986 assistant
1467 3911 1616 3986 contra
1634 3901 1851 4010 predictas
1884 3931 1991 4013 gen·
2093 3961 2098 3970 -

321 4035 385 4105 tes
421 4021 639 4119 christiani
676 4023 857 4108 nominis
880 4013 1096 4122 inimicas,
1128 4025 1280 4110 'verum
1317 4005 1454 4103 eciem
1486 4031 1633 4104 contra
1662 4018 1896 4131 quemlibet
1922 4023 1990 4106 vel

284 4157 286 4164 '
322 4137 539 4256 quoslibet
570 4141 876 4252 cuiuscumque
912 4134 1186 4250 professionis
1225 4149 1266 4221 et
1302 4139 1553 4224 conditionis
1598 4137 1716 4220 iuxta
1751 4137 1989 4248 predictum

425 4324 467 4403 (Ι)
484 4321 528 4388 ,In
542 4319 659 4400 charta
678 4319 879 4407 pergamena
904 4323 1111 4408 archetypo'n
1126 4344 1201 4396 oum
1218 4320 1329 4389 multis
1359 4319 1667 4387 abbreviationibus
1696 4318 1888 4385 monasterii
1913 4318 1974 4386 Sta

320 4399 502 4486 niatcensis
541 4405 699 4490 roprium.
738 4405 899 4494 Sigillum,
915 4407 1007 4490 quod
1022 4405 1239 4486 desideratur,
1255 4405 1289 4468 in
1304 4405 1358 4470 filo
1376 4407 1485 4471 serico
1503 4405 1593 4470 rubri
1610 4403 1734 4469 coloris
1752 4401 1830 4466 olim
1846 4424 1985 4490 suspen·
2064 4483 2071 4495 Ι

320 4511 392 4555 sum
418 4500 498 4554 erat.
555 4489 713 4574 ascripsit
728 4513 788 4575 per
804 4498 977 4558 extensum
993 4491 1130 4556 doctiss.
1159 4487 1348 4564 Slawidsk‘i,
1364 4491 1422 4573 qui
1437 4489 1535 4555 etiam
1548 4487 1662 4568 verba,
1692 4485 1747 4552 hie
1761 4487 1858 4552 uncis
1883 4487 1984 4554 inter·

320 4574 423 4652 clusa,
441 4573 621 4642 meandum
636 4573 937 4642 chartretenoram
951 4575 1108 4656 restituit,
1131 4595 1205 4638 uam
1220 4573 1321 4640 rimae
1338 4572 1719 4662 legeraimpedivenmt.
1755 4571 1794 4636 ln
1810 4571 1913 4638 altera
1951 4575 1994 4638 ri·

318 4657 578 4746 vilegiipagina,
610 4658 771 4742 quaedam
801 4660 916 4741 seculi,
932 4661 981 4725 uti
996 4660 1139 4739 videtur,
1169 4658 1260 4723 tertii
1289 4658 1407 4724 decimi
1437 4679 1552 4722 manus
1581 4649 1655 4719 cum
1685 4595 1991 4724 abbreviationibus

319 4743 467 4828 scripsit:
491 4741 676 4830 „Pnilegiu
692 4739 726 4806 in
742 4764 808 4825 quo
823 4753 876 4812 tra
889 4747 1109 4814 datwezenor.
1126 4741 1192 4807 dat.
1208 4741 1328 4808 danieli
1342 4763 1419 4826 pmo
1436 4741 1508 4828 regi
1524 4739 1684 4824 Rutenor.
1701 4750 1735 4806 et
1750 4739 1826 4809 duci
1842 4743 1988 4809 mazonis

317 4827 467 4894 mazouie
483 4851 516 4914 p.
533 4827 659 4912 ordie”,
682 4827 769 4894 unde
786 4831 979 4916 conjectura
993 4829 1033 4896 de
1048 4838 1138 4894 terra
1151 4825 1423 4895 Jatwezanonnn.
1525 4867 1527 4872 ,
1604 4847 1606 4852 ·
1773 4835 1775 4840 ’
