4930 5922
1100 748 1437 819 -123-·

400 948 611 1064 Bogufalo
649 943 927 1030 hereditatem
962 973 1084 1030 suam
1119 929 1452 1056 patrimonialem
1492 937 1793 1028 clamosarum·
1810 945 1864 1059 (¹)
1897 949 2066 1054 dictam,

397 1097 531 1182 quam
547 1060 775 1175 -idem(sic)
789 1063 1174 1149 dominaKaterina
1194 1071 1293 1170 poet
1313 1063 1536 1146 decessum
1567 1064 1698 1170 patris
1721 1068 1787 1148 sui
1808 1066 1941 1150 multo
1960 1075 2067 1152 tem-

400 1183 656 1296 poretenuit
673 1190 717 1263 at
730 1181 938 1289 possedit,
954 1182 1080 1266 sitam
1096 1183 1139 1262 iu
1157 1181 1439 1264 Castellatura
1450 1179 1704 1264 Wislicicnsi
1719 1189 1870 1290 patruo
1888 1211 1964 1268 suo
1982 1185 2068 1270 Co-

346 1331 351 1344 ·
397 1303 489 1386 miti
498 1300 709 1386 Clementi
725 1295 1270 1410 'gledileroSandomiriensi
1285 1297 1370 1380 filio
1385 1296 2068 1405 ComitisLaureneijnostrofide-
2139 1327 2141 1334 ’

397 1419 554 1502 lissimo
577 1417 766 1498 ministro
787 1442 864 1522 pro
886 1424 1058 1500 centum
1081 1416 1395 1524 quinquaginta
1433 1413 1584 1495 merois
1598 1414 1688 1496 ¹fusi
1710 1417 1878 1531 argenti
1898 1417 2068 1524 publice

396 1547 443 1618 et
462 1531 685 1617 manifeste
706 1533 946 1616 vendidisse
967 1533 1233 1640 recognouit.
1262 1530 1377 1630 .Que
1398 1542 1516 1614 stans
1537 1530 1696 1614 ibidem
1718 1559 1860 1614 coram
1880 1535 2002 1618 nobis
2024 1545 2069 1618 et

340 1667 347 1677 '
396 1655 489 1761 alijs
512 1679 643 1762 quam
663 1649 804 1731 multis
828 1659 870 1730 et
889 1649 1075 1756 plurimis
1097 1650 1251 1733 nostris
1284 1648 1521 1732 Beronibus
1559 1647 1830 1732 audientibus
1853 1678 1951 1732 cum
1971 1679 2068 1760 pre·

398 1772 513 1854 dicto
549 1769 639 1850 viro
669 1793 746 1848 suo
777 1761 1005 1875 Bogufalo.
1027 1793 1053 1846 a
1073 1792 1120 1846 se
1151 1766 1245 1874 ipsa
1273 1776 1314 1846 et
1334 1777 1371 1848 'a
1391 1791 1468 1848 suo
1491 1767 1580 1848 viro
1601 1766 1687 1846 iam
1709 1769 1924 1850 nominato
1948 1779 1992 1850 et
2011 1768 2066 1850 ab

399 1887 595 1969 omnibus
631 1884 717 1964 suis
753 1883 898 1964 amieis
932 1891 974 1964 et
1005 1884 1333 1989 consanguineis
1365 1882 1642 1964 hereditatem
1684 1882 1840 1966 dietam
1879 1879 2066 1966 Cherubi-

398 2001 560 2082 nour'olu'
579 2027 676 2081 cum
697 1998 893 2082 omnibus
929 1999 1053 2108 plane
1089 1997 1362 2101 utilitatibus,
1399 1999 1544 2082 usibus
1573 2007 1618 2078 et
1644 2001 1919 2107 pertinencijs
1942 1987 2066 2112 quid·

400 2117 504 2228 quid
540 2124 709 2224 spectat
730 2117 785 2196 ad
808 2115 989 2198 eandem
1024 2116 1216 2226 predicto
1253 2127 1406 2224 patruo
1439 2142 1517 2199 suo
1554 2116 1697 2198 comiti
1734 2114 1945 2198 Clementi
1966 2146 2064 2200 eum

363 2225 374 2239 ’
399 2235 512 2316 omni
533 2261 611 2314 sua
632 2233 900 2341 posteritate,
935 2259 1022 2316 non
1042 2233 1085 2314 vi
1106 2242 1259 2316 coacta
1289 2233 1366 2317 sed
1387 2231 1501 2316 bona
1522 2259 1601 2316 sua
1621 2234 1838 2316 voluntate
1859 2233 2000 2316 lucide
2023 2245 2066 2316 et

396 2349 616 2458 splendide
636 2352 680 2432 in
698 2348 966 2458 publicopro
990 2350 1105 2431 dicta
1141 2363 1312 2434 summa
1340 2351 1521 2458 pecunie
1557 2349 1811 2434 hereditario
1842 2349 1929 2434 iure
1963 2378 2065 2440 oon-

338 2511 347 2530 ·
396 2469 492 2550 tulit
512 2476 555 2548 et
576 2467 753 2551 donauit
773 2465 952 2573 pacifice
975 2466 1183 2575 et-quiete
1203 2468 1247 2550 in
1267 2475 1517 2577 perpetuum
1554 2467 1868 2574 possidendam.
1904 2464 2063 2565 ¹Quam

382 2586 628 2692 ¹pecuniam
657 2583 848 2694 prefatus
886 2583 1082 2668 Clemens
1118 2585 1204 2664 iam
1240 2586 1351 2668 dicte
1384 2586 1550 2668 domine
1570 2584 1773 2666 Katerine
1797 2611 1872 2666 sue
1893 2585 2064 2667 filiastre

398 2710 533 2784 totam
556 2729 607 2782 ex
626 2705 794 2812 integro
815 2699 896 2782 sub
919 2708 1062 2784 nostro
1084 2700 1196 2783 bono
1218 2703 1459 2786 testimonio
1476 2709 1480 2718 '
1498 2702 1736 2811 assignauit
1765 2702 1990 2809 plenariter
2022 2712 2064 2784 et

396 2817 611 2925 persoluit.
663 2820 720 2902 Et
740 2821 842 2928 quia
862 2817 1051 2902 volentes
1087 2845 1254 2926 semper
1291 2817 1466 2901 cuilibet
1485 2845 1561 2926 pro
1583 2819 1721 2928 dignis
1759 2817 2063 2928 obsequiorum
2126 2875 2135 2886 -

346 2985 350 2993 ·
395 2935 553 3017 meritis
575 2963 683 3045 eque
704 2935 996 3018 retribucionis
1032 2936 1201 3043 premia
1225 2935 1451 3045 benignius
1470 2937 1676 3042 inpertiri,
1697 2944 1745 3018 ut
1765 2938 1840 3046 qui
1861 2936 1916 3017 ad
1938 2934 2062 3018 obse-

396 3053 498 3162 quia
533 3051 656 3136 nobis
692 3053 851 3168 placita
870 3079 916 3134 se
937 3051 1108 3159 prebuit
1142 3052 1288 3138 utilem
1310 3061 1353 3134 et
1372 3079 1458 3137 non
1478 3081 1656 3162 segnem
1692 3063 1883 3160 optatam
1915 3053 2061 3162 premij

395 3170 601 3278 percipiat
641 3199 667 3252 a
688 3179 831 3253 nostre
850 3167 1144 3252 munificenoie
1166 3169 1339 3256 dextera
1358 3172 1614 3279 porcionem.
1666 3169 1831 3256 Damus
1855 3181 1897 3252 et
1917 3169 2062 3254 confe-

395 3289 523 3368 rimus
546 3317 598 3368 ex
618 3297 764 3372 nostra
785 3288 932 3398 gracia
952 3287 1137 3395 speciali:
1186 3283 1314 3385 Quod
1343 3289 1660 3394 prenominatus
1685 3286 1839 3372 Comes
1862 3287 2059 3372 Clemens

396 3429 493 3484 oum
514 3403 603 3485 suis
620 3406 799 3513 posteris
823 3403 1106 3487 omnimodam
1127 3404 1289 3486 habeat
1302 3405 1541 3486 libertatem
1559 3414 1601 3486 et
1614 3404 1785 3512 plenam
1801 3397 2067 3514 potestatem*

388 3518 612 3626 judicandi
631 3523 821 3606 homines
843 3545 943 3602 suos
966 3520 1057 3601 siue
1078 3521 1256 3604 uillanos
1278 3521 1520 3604 habitantes
1541 3523 1585 3602 in
1605 3521 1703 3604 villa
1724 3549 1801 3604 seu
1822 3521 2058 3604 hereditate

393 3637 654 3747 iam.sepius
692 3639 816 3720 dicta'
838 3633 1162 3718 Clerrrbr'noar'clri
1179 3638 1216 3718 si
1236 3665 1366 3721 cause
1407 3639 1633 3721 enormitas
1671 3639 1851 3746 exigerit
1872 3636 1969 3748 (sic)
2002 3639 2058 3720 ad
2170 3681 2175 3692 ·

394 3754 579 3838 duellum
599 3755 855 3860 faciendum,
878 3751 993 3870 quod
1015 3751 1298 3837 mediantibus
1334 3753 1498 3836 baculis
1521 3754 1629 3838 solet
1649 3754 1739 3834 fieri
1760 3755 1869 3836 inter
1888 3754 2057 3864 ¹aliquos

390 3873 470 3956 sub
494 3873 623 3957 dubio
643 3873 740 3984 lytis
762 3879 1035 3954 accurrentes
1046 3869 1156 3981 (sic).
1188 3869 1475 3954 Homicidium
1495 3883 1595 3954 vero
1628 3873 1663 3952 si
1683 3873 1727 3952 in
1751 3867 2056 3954 Ctemrdr'nour'ob

392 3989 625 4084 hereditate
645 3993 730 4072 iam
751 3991 893 4098 sepius
929 3988 1164 4094 nominata,
1185 3989 1255 4072 uel
1273 3992 1385 4072 intra
1404 3999 1540 4072 metas
1579 3990 1768 4072 eiusdem
1808 3989 2055 4072 hereditatis

391 4107 619 4217 eontigerit
652 4109 902 4216 perpetrari,
925 4117 967 4189 et
985 4114 1163 4218 uterquc
1194 4119 1282 4188 tam
1316 4109 1490 4210 occisor,
1528 4137 1660 4219 quam
1695 4109 1861 4192 occisus
1884 4107 1937 4188 de
1957 4105 2055 4190 villa

390 4221 516 4305 fuerit
545 4235 789 4334 prenotata,
811 4224 1045 4332 sepefatus
1067 4251 1209 4310 eomes
1232 4225 1428 4312 Cleme'ns
1450 4253 1547 4307 cum
1570 4225 1682 4316 omni
1703 4227 2053 4331 suaposteritate

392 4342 597 4424 audacter
618 4353 661 4424 et
679 4341 842 4452 precise
880 4339 1046 4454 absque
1081 4343 1195 4427 omni
1215 4369 1292 4433 suo
1313 4343 1613 4452 impedimento
1643 4340 1851 4424 iudicabit
1871 4341 2053 4425 solucio-

436 4671 443 4686 ι
478 4587 536 4686 ·(²)
560 4555 813 4690 stantiae-raia,
829 4589 877 4690 uti
892 4612 932 4655 ex
948 4584 1125 4690 privilegio
1155 4597 1271 4690 nostro
1302 4585 1457 4688 apparet,
1487 4587 1564 4654 olim
1586 4587 1664 4686 villa
1684 4587 1791 4652 fuerat
1812 4587 1849 4687 in·
1861 4588 2051 4690 castellania

390 4669 592 4755 Wrslrcensr‚
608 4673 644 4738 rd
658 4683 758 4740 estin
773 4683 909 4758 antrquo
926 4674 1198 4756 Sandomrrrenm,
1214 4685 1248 4739 et
1260 4698 1295 4738 rn
1310 4683 1500 4759 posteriore
1515 4672 1693 4757 palatinatu
1709 4671 1934 4738 Crecovrensr.
1951 4747 1955 4754 Ι
1979 4675 2051 4738 Wr-

387 4755 462 4822 tlr'eu
477 4755 557 4822 urbs
573 4766 627 4822 est
640 4757 728 4827 euim
743 4759 971 4908 antiiqqiplsirna
984 4757 1019 4824 in
1032 4757 1194 4826 moderno
1209 4759 1380 4824 territorio
1396 4766 1430 4822 et
1443 4757 1557 4843 regine
1570 4755 1794 4826 Stobnioeusi.
1817 4755 1927 4824 Hodie
1942 4765 2050 4822 autem

352 4847 355 4852 “
388 4837 422 4904 in
436 4837 601 4908 indicibus
616 4839 768 4908 locorum
781 4865 803 4904 v
906 4841 1142 4910 cameraria
1157 4842 1341 4909 invenimus
1356 4839 1486 4910 nullam.

1704 4903 1706 4908 ’
1845 4938 1904 5006 re*
