4822 5924
1110 680 1433 795 ¹---asa-›-

467 921 721 1016 absolvimus
741 925 806 1009 'ac
836 921 1038 1033 perpetuo
1078 917 1305 1022 liberamus
1341 921 1572 1006 universos·
1596 929 1640 1004 et
1674 921 1863 1035 singulos
1893 921 2123 1012 ¹Scultetos

468 1049 736 1148 Omethones‚
755 1043 1120 1146 molendinatores,
1144 1041 1333 1144 colonos,
1357 1049 1400 1122 et
1418 1039 1575 1124 incolas
1596 1039 1804 1124 dictarum
1825 1041 2015 1128 villarem
2034 1043 2122 1130 ier-

466 1166 586 1276 ri'fioij
607 1171 650 1246 et
670 1163 811 1274 allodij
833 1161 889 1246 ab
913 1161 1104 1245 omnibus
1135 1171 1178 1242 et
1199 1159 1377 1271 singulis
1415 1158 1706 1242 exactionibus
1743 1161 2118 1272 expeditionalibus

467 1283 667 1368 videlicet
709 1280 897 1364 'Woiennc
946 1281 1129 1390 angariis
1165 1279 1454 1390 praeangariis
1497 1278 1682 1362 collectis
1725 1281 2121 1386 contributionibus‚

466 1399 702 1505 laboribus·
725 1403 927 1487 servitute
943 1396 1230 1509 juvaminibus
1253 1397 1543 1508 personalibus
1563 1397 1745 1483 realibus
1768 1409 1810 1482 et
1828 1403 2121 1508 pecunialibus

466 1523 528 1606 Et
545 1517 795 1633 generaliter
826 1550 852 1603 a
873 1516 1063 1632 qualibet
1084 1543 1287 1626 equorum
1310 1526 1354 1599 et
1375 1545 1525 1600 canum
1548 1518 1797 1602 seruatione.
1830 1519 1894 1604 Eo
1916 1520 2124 1605 duntaxat

470 1652 667 1750 excepto,
698 1636 822 1740 Quod
846 1637 1000 1721 rustici
1021 1637 1226 1718 dictarum
1248 1636 1443 1719 villarum
1463 1636 1515 1717 de
1539 1634 1733 1746 quolibet
1752 1665 1899 1723 manso
1920 1644 2125 1748 possesso

339 1753 348 1784 ²
468 1787 597 1842 unam
617 1785 857 1842 mensuram
877 1783 1059 1860 avenae,
1090 1755 1322 1838 secundum
1354 1782 1591 1838 mensuram
1613 1754 1807 1840 Civitatis
1828 1769 1997 1842 nostrae
2018 1757 2121 1842 Vie-

469 1879 654 1962 lunensis
675 1877 850 1988 singulis
882 1877 1022 1980 annis,
1052 1884 1256 1986 perpetuo
1278 1874 1399 1958 nobis
1421 1885 1464 1957 et
1484 1875 1800 1958 successoribus
1821 1881 1973 1961 nostris
1993 1881 2038 1960 in
2059 1877 2123 1960 fe-

327 2054 332 2064 .
471 2009 535 2081 sto
560 1997 602 2082 S.
625 1996 793 2080 Martini
824 1993 983 2084 soluere
1016 1995 1281 2077 tenebuntur.
1332 1991 1495 2078 Damus
1517 1994 1688 2102 insuper
1709 2005 1753 2077 et
1773 1996 1976 2079 adicimus
1995 2025 2122 2108 prae-

470 2113 788 2199 fatisfratribus
810 2143 861 2198 ac
880 2115 1132 2196 monasterio
1149 2112 1385 2222 praedicto,
1408 2111 1524 2221 quod
1546 2111 1779 2222 Capitonei,
1795 2113 1825 2198 J
1829 2117 1985 2220 udices,
2009 2115 2123 2202 Sub·

470 2235 651 2341 iudices‚
674 2231 908 2336 Officiales,
929 2229 1181 2336 Venatores,
1203 2231 1404 2340 Aucupes
1426 2261 1474 2316 ac
1497 2229 1733 2342 falconarij,
1764 2261 1844 2315 nec
1865 2263 1950 2318 non
1969 2261 2123 2344 procu-

470 2363 630 2438 ratores
667 2355 798 2438 nostri
827 2379 879 2434 ac
912 2379 1204 2436 successorum
1240 2363 1487 2434 nostrorum.
1542 2349 1796 2462 (laetarique
1832 2355 2124 2464 cuiuscunque

474 2501 563 2582 que·
595 2479 730 2556 status
768 2470 1015 2554 conditionis
1036 2481 1079 2552 et
1099 2471 1451 2579 praeeminentiae
1474 2469 1684 2554 extiterint
1704 2471 1892 2554 homines
1927 2475 1970 2555 in
2007 2473 2123 2556 dicto

470 2593 737 2694 monasterio,
755 2593 852 2674 etin
870 2589 990 2674 bonis
1011 2589 1143 2700 ipsius
1164 2599 1253 2671 tam
1276 2589 1354 2691 dic,
1377 2617 1505 2700 quam
1529 2589 1580 2673 de
1603 2598 1741 2694 nocte,
1763 2590 1895 2702 absqe
1919 2593 2125 2676 dictorum

315 2711 317 2716 ’
471 2709 647 2794 fratrum
678 2711 894 2794 voluntate
923 2719 1175 2819 pernoctare
1195 2707 1401 2818 hospitari
1422 2719 1466 2791 ct
1487 2711 1717 2794 descensus
1737 2707 1896 2816 facere,
1927 2712 2126 2814 iudicare,

472 2831 628 2914 iudicia
647 2829 806 2934 lacere,
827 2855 988 2939 poenas
1008 2827 1152 2912 tollere
1184 2838 1257 2910 aut
1288 2829 1456 2940 exigere
1487 2854 1572 2912 non
1593 2827 1812 2913 habebunt
1832 2858 1975 2942 neque
1998 2829 2127 2914 debe-

476 2960 561 3053 ant,
581 2977 660 3032 nec
683 2958 965 3058 praesumant.
1019 2946 1213 3032 Similiter
1235 2955 1278 3030 et
1314 2976 1339 3028 a
1359 2947 1669 3060 receptionibus
1701 2975 1923 3057 equorum,
1960 2977 2126 3053 canum,

476 3069 616 3152 auium
654 3081 695 3152 et
729 3067 904 3153 aliorum
942 3093 1305 3176 quorumcumque
1342 3067 1580 3152 animalium
1616 3069 1750 3150 dictos
1788 3066 1937 3152 fratres
1971 3069 2126 3152 liberos

476 3189 641 3272 omnino
660 3187 970 3272 essevolumus
992 3185 1208 3270 absolutos
1232 3195 1274 3268 et
1295 3195 1521 3295 exemptos,
1541 3189 1827 3272 Decernentes
1850 3189 1987 3292 etiam,
2010 3187 2128 3297 quod

476 3307 683 3416 praedicti
702 3305 865 3410 stanes,
885 3311 972 3386 tam
992 3331 1067 3414 pro
1090 3304 1294 3414 aedificijs
1316 3316 1358 3387 et
1377 3305 1548 3416 ignibus
1570 3308 1833 3416 monasterij,
1848 3333 1978 3418 quarn
1999 3310 2129 3392 etiam

476 3424 886 3536 ferrificij‚=Similiter
907 3427 951 3508 ct
969 3422 1131 3507 incolae
1172 3423 1362 3507 villarum
1383 3427 1694 3536 praedictarum
1715 3424 1897 3508 ferrificii
1919 3433 1962 3508 ct
1980 3427 2128 3538 allodij

474 3574 550 3656 pro
574 3574 717 3634 eorum
739 3545 992 3626 necessitate
1016 3543 1240 3627 dummodo
1262 3545 1305 3625 in
1319 3547 1501 3656 proprijs
1537 3545 1663 3658 lignis
1686 3543 1928 3650 defecerint,
1947 3545 2064 3658 ligna
2081 3548 2127 3651 in
2182 3563 2188 3580 ·

477 3665 608 3774 sylvis
629 3664 781 3749 nostris
804 3691 855 3747 ac
876 3663 1029 3766 burris,
1061 3662 1137 3743 sed
1168 3661 1332 3772 absque
1365 3663 1518 3749 damno
1549 3664 1847 3750 mellificiorum
1878 3677 2124 3750 nostrorum.

477 3783 659 3866 Domum
690 3781 850 3891 lapides
880 3781 1001 3865 ferrei
1028 3781 1190 3864 scilicet
1228 3781 1351 3864 Rudo
1370 3784 1425 3864 ad
1448 3783 1718 3890 conflandum
1735 3785 1778 3864 in
1798 3783 2127 3870 haereditatibus

479 3904 651 4004 nostris,
687 3903 850 4008 absque
888 3902 1132 3985 damnorum
1168 3901 1371 4004 illatione,
1408 3903 1463 3983 ad
1493 3929 1635 3986 comm
1657 3899 1852 3986 ferrificia
1889 3902 2128 4009 recipiendi,

477 4017 655 4104 liberam
676 4020 896 4104 habebunt
915 4019 1168 4106 facultatem.
1220 4018 1376 4103 Actium
1408 4015 1616 4104 Crucovice
1635 4025 1679 4105 in
1701 4023 1766 4106 dic
1788 4023 1922 4104 sancti
1943 4020 2128 4104 Mathiaa

479 4139 672 4252 Apostoli
693 4137 756 4222 Μ0
777 4137 913 4224 0009
932 4135 1033 4224 XC⁰
1053 4141 1149 4226 111⁰.
1213 4139 1372 4230 Datum
1391 4166 1466 4250 per
1485 4169 1633 4223 manus
1655 4139 1912 4228 Venerabilis
1948 4137 2128 4226 Zoklicze
2227 4121 2232 4132 ⁹

483 4259 733 4370 Cancellarij
754 4269 797 4342 et
817 4257 1042 4344 Clementis
1065 4257 1405 4368 Vicecancellarij
1425 4257 1558 4342 Aulae
1580 4271 1763 4346 nostrae.
