4890 5924
1306 527 1317 552 1

1146 613 1560 690 ..m-xl

450 821 612 906 siastici
633 818 700 902 bis
719 825 800 931 pe‘r
817 841 976 900 annum
997 839 1267 916 concurrere,
1283 809 1587 920 Mensaliaquc
1606 811 1864 922 Presbytero
1885 814 2037 902 offerre
2056 827 2123 904 te-

354 961 359 966 ·
451 939 640 1041 nebitur3
661 934 793 1044 idque
813 933 966 1016 herum
984 931 1198 1015 literarum
1218 931 1388 1042 vigore,
1418 957 1523 1017 suae
1542 929 1779 1038 Majestatis
1799 933 2027 1048 Privilegio
2047 965 2123 1048 pro

452 1059 555 1140 rotis
576 1064 620 1138 et
634 1049 750 1160 apud
771 1058 966 1160 posteros
986 1046 1211 1132 stabilibus
1233 1075 1286 1130 ac
1305 1055 1513 1159 perpetuo
1536 1046 1692 1132 debere
1713 1075 1962 1160 permanere
1984 1053 2125 1140 decla·

450 1176 565 1276 rutis,
586 1195 696 1283 quas
716 1169 760 1250 in
780 1167 1069 1280 testimonium
1088 1165 1297 1250 ‘firmioris
1327 1166 1490 1252 roboris
1512 1170 1594 1250 stc.
1617 1165 1892 1277 subappenso
1914 1167 2123 1281 'gentilitio

449 1297 674 1374 stemmate
694 1287 865 1396 propria
885 1311 1015 1370 manu
1036 1281 1353 1368 subscribimus.
1393 1282 1550 1368 Actum
1569 1285 1613 1374 in
1636 1283 1789 1370 Castro
1805 1295 1957 1386 ¹nostro
1978 1290 2124 1400 oppidi

452 1406 705 1516 Seleuciam,
750 1404 796 1485 in
845 1405 943 1511 ipsa
987 1403 1132 1514 vigilia
1157 1449 1160 1458 Δ
1183 1400 1430 1485 Nativitaris
1480 1399 1665 1486 Domini.
1746 1399 1870 1488 Anno
1915 1405 2123 1514 Ejusdem

449 1517 777 1720 MOOOJJIX.
809 1518 1113 1608 Praesentibus
1136 1517 1282 1601 amicis
1302 1520 1458 1604 nostris
1481 1528 1524 1602 et
1543 1517 1735 1628 pluribus
1750 1519 1836 1604 fide
1855 1521 2008 1631 digm's.
2040 1521 2121 1608 do-

453 1667 586 1726 annes
610 1638 796 1750 Gadysz.
1275 1643 1284 1676 ·’
1926 1651 1932 1660 “
1963 1689 1966 1696 ⁴

1190 1950 1384 2076 cxxiv.
1521 2069 1522 2074 i

809 2206 1259 2298 cracoviae—19
1278 2167 1582 2292 Februarii
1598 2205 1765 2296 136⁰.
1810 2209 1813 2216 '

467 2433 626 2512 mauu
640 2428 1023 2521 obumbraculum
1038 2427 1188 2500 ecclcsiae
1201 2428 1233 2499 iu
1248 2427 1463 2517 Niapolomice
1480 2425 1649 2514 pmoctirli
1670 2425 1805 2500 tainu
1818 2427 1949 2517 count,
1963 2427 2004 2502 cl
2017 2431 2100 2520 truh

1024 2525 1260 2602 casimiri
1275 2529 1467 2638 rourtrtcn
1490 2531 1545 2611 (¹).
2033 2530 2041 2544 “

544 2740 601 2826 ln
623 2739 791 2822 nomine
813 2735 970 2820 domini
1001 2763 1136 2838 amen,
1173 2737 1373 2846 Dignitas
1410 2735 1640 2820 Pastorelis
1676 2733 1805 2843 officij
1842 2735 2020 2820 sollicite
2041 2765 2118 2822 nos
2193 2731 2202 2742 “

447 2857 611 2946 inducit
630 2862 679 2938 vt
698 2852 1043 2964 augmentacioni
1064 2855 1204 2937 cultus
1226 2854 1361 2936 diuini
1381 2863 1424 2934 et
1445 2855 1625 2938 maxime
1644 2853 1744 2962 paci
1764 2863 1807 2934 et
1822 2854 2118 2963 tranquillitati

445 2974 620 3058 fratrum
642 2982 880 3056 nostrorum
901 2975 944 3052 et
964 2971 1141 3056 aliorum
1177 2969 1301 3054 nobis
1338 2969 1624 3054 subiectorum
1645 2969 1877 3054 efficaciter
1894 2971 2117 3056 intendere

415 3092 693 3176 debeamus.
745 3088 953 3175 Nouerint
985 3089 1118 3202 igitur
1151 3087 1336 3172 uniuersi
1370 3086 1528 3198 quibus
1560 3087 1730 3195 expedit
1749 3087 2018 3194 presencium
2038 3073 2144 3198 per'

444 3220 635 3296 tenorem
665 3202 796 3308 Quod
815 3205 904 3290 Nos
925 3204 1150 3288 Bodzatha
1187 3205 1331 3288 diuina
1353 3215 1397 3286 et
1417 3206 1531 3289 sedis
1568 3203 1801 3314 apostolice
1835 3203 2116 3312 prouidencia

314 3323 354 3332 ”
442 3326 685 3436 Episcopus
708 3320 887 3406 ecclesie
910 3322 1206 3408 Oracouiensis
1240 3321 1569 3408 Considerentes
1607 3320 1821 3432 quomodo
1857 3322 2116 3408 honorabilis

442 3447 505 3528 vir
526 3443 721 3528 dominus
741 3440 944 3526 Nicolaus
966 3440 1287 3554 Custosnoster
1307 3439 1605 3527 Oracouiensis
1627 3438 1795 3522 decima
1817 3441 1960 3524 suain
1980 3439 2115 3551 Nepo-

443 3558 578 3648 lcmicc
607 3558 787 3669 pacifico
817 3555 898 3644 frui
930 3586 1015 3643 non
1045 3567 1213 3668 poterat
1247 3569 1420 3670 propter
1454 3557 1674 3656 assiduum
1709 3557 1918 3664 Principis
1953 3555 2114 3649 ibidem

444 3679 688 3783 aduentum,
711 3677 767 3760 ed
788 3676 1148 3786 complacenciam
1176 3679 1323 3788 itaque
1348 3687 1390 3760 et
1409 3675 1671 3760 voluntatem
1705 3672 1972 3758 Serenissimi
1990 3673 2111 3755 Prin·

441 3797 548 3906 cipis
572 3801 614 3874 et
635 3793 792 3877 domini
821 3795 951 3876 nostri
985 3793 1141 3878 domini
1175 3794 1380 3877 Kazimiri
1401 3793 1470 3876 dei
1492 3793 1639 3902 gracia
1660 3790 1796 3902 Regis
1816 3791 1988 3882 Polonie
2009 3789 2110 3873 Illu-
2166 3881 2170 3890 ,

439 3915 550 4016 stris,
572 3909 647 4021 qui
669 3909 823 3990 ductus
859 3909 1093 3994 deuocione
1131 3912 1353 3994 ecclesiam
1389 3911 1548 3995 ibidem
1568 3911 1612 3992 in
1632 3909 1833 3993 honorem
1864 3914 2112 3994 sanctorum

442 4033 590 4134 decem
610 4026 782 4113 millium
803 4031 1021 4110 martirum
1042 4023 1211 4112 fundari
1230 4029 1496 4137 procurauit‚
1527 4033 1575 4110 vt
1594 4022 1753 4114 Rector
1772 4025 1904 4134 ipsius
1929 4023 2111 4108 ecclesie

443 4176 493 4233 eo
515 4143 717 4230 deuocius
741 4169 827 4251 quo
847 4143 991 4226 vtilius
1014 4153 1058 4226 ct
1078 4147 1299 4230 comodius
1330 4147 1482 4229 diuinis
1513 4142 1714 4228 laudibus
1746 4144 1889 4257 valeat
1907 4141 2112 4247 inherere,

420 4445 426 4454 .
531 4395 587 4478 ,(1)
607 4396 660 4470 Ex
675 4391 785 4459 tabula
814 4391 1005 4459 authentica
1029 4391 1279 4460 membranacea
1289 4393 1559 4479 ,Niepolomiciiu
1572 4389 1659 4477 apud
1674 4391 1901 4475 praepositum
1915 4390 1983 4457 loci
1997 4413 2109 4458 esser-
2140 4471 2145 4476 ι

440 4488 524 4552 rate:
540 4477 676 4546 funiculi
693 4477 758 4544 duo
774 4476 891 4543 viridis
907 4473 1040 4543 coloris.
1077 4476 1229 4564 Sigillum
1244 4502 1342 4546 unum
1357 4478 1539 4565 oblongum
1554 4485 1588 4544 et
1603 4476 1685 4542 satis
1704 4497 1859 4560 magnum
1879 4497 1915 4543 re
1941 4485 2109 4544 rossenac

288 4623 292 4630 .
439 4561 584 4710 effigiem
611 4561 765 4646 episcopi
789 4562 824 4628 in
845 4557 1092 4646 pontificalibus
1108 4563 1141 4628 in
1160 4563 1283 4648 templo
1315 4563 1455 4646 quodam
1486 4559 1623 4660 gothico
1653 4555 1814 4646 sedentis,
1838 4578 1902 4644 spu
1954 4559 2108 4644 episcopi

466 4669 483 4714 a
509 4667 546 4712 ea
560 4656 688 4713 scutum
703 4647 919 4731 conspicitur,
934 4646 968 4712 in
984 4665 1050 4728 quc
1066 4645 1162 4714 stella
1176 4668 1249 4712 cum
1264 4648 1408 4731 quinque
1424 4641 1523 4728 loliis,
1539 4645 1574 4710 iu
1589 4643 1710 4710 ambitu
1726 4665 1807 4710 vero
1824 4641 1927 4710 verbe
1940 4643 2104 4730 leguntur:
2173 4677 2178 4684 ·

465 4765 477 4797 r
503 4728 636 4818 iyillum)
653 4730 812 4794 Bodzatlre
828 4732 877 4796 dei
889 4733 999 4816 procia
1014 4735 1152 4819 episcopi
1165 4736 1376 4798 nacoriensis.
1401 4730 1546 4796 Alterum
1568 4727 1710 4815 sigillum
1726 4727 1944 4792 desideratur.
