4930 5922
1043 659 1217 783 -srrr
1265 687 1320 766 ⁸-
1409 803 1412 810 .

348 916 502 990 emitur
521 903 715 990 dedimus
738 903 896 996 eisdem
915 906 1115 990 frutribus
1139 907 1336 992 Sedecim
1357 907 1533 992 Menses
1558 909 1824 996 franconicos
1844 912 1889 994 in
1909 912 2017 998 silue

347 1033 493 1108 nostra
524 1023 638 1104 circs
666 1021 804 1107 Metus
828 1024 880 1105 de
902 1025 1105 1106 Lmetom
1137 1023 1245 1136 quos
1267 1053 1320 1110 ex
1341 1028 1454 1108 omni
1488 1037 1618 1133 porte
1631 1029 1697 1108 sui
1710 1029 1902 1136 gadibus
1939 1057 2016 1114 seu

345 1139 548 1224 limitibus
578 1137 753 1222 fecimus
776 1144 1041 1244 communiri,
1072 1141 1122 1224 In
1144 1142 1298 1252 quibus
1320 1143 1480 1226 Mensis
1501 1143 1583 1225 sibi
1604 1171 1771 1226 omnem
1793 1173 1919 1255 quem
1940 1175 2018 1254 po-

347 1268 491 1341 tenmt
504 1267 752 1340 construent
770 1257 1080 1341 usumfructum
1102 1270 1145 1339 et
1163 1261 1279 1366 ipsos
1300 1262 1389 1343 iure
1410 1260 1666 1343 hereditario
1690 1259 1793 1372 (sie)
1809 1263 2016 1372 perpetuo

250 1391 253 1398 ’
347 1375 638 1486 possidebunt,
660 1373 742 1457 Jus
765 1377 897 1456 eciam
931 1375 1213 1460 Teutonicum
1245 1377 1471 1460 habebunt
1490 1380 1534 1458 in
1556 1377 1735 1480 eisdem,
1756 1379 1814 1461 Et
1833 1389 1883 1462 ut
1903 1407 2018 1464 com·
2088 1391 2095 1404 ‘
2135 1393 2140 1400 '

284 1575 288 1582 ,
349 1493 535 1588 mutacio
556 1518 633 1574 seu
654 1493 869 1601 ordinacio
890 1493 1129 1574 huiusmodi
1160 1494 1433 1601 perhenniter
1467 1503 1640 1578 maneat
1674 1495 2019 1604 inconwlsepre-

316 1605 335 1634 ⁸
349 1620 525 1692 sentem
544 1611 748 1718 peginam
770 1637 897 1718 super
915 1613 1016 1718 ipse
1031 1609 1242 1692 conscribi
1273 1611 1544 1719 precepimus
1565 1623 1608 1694 et
1627 1614 1759 1694 nostri
1790 1613 1913 1724 sigilli
1946 1641 2018 1697 oa-
2087 1647 2092 1662 ·

272 1761 278 1770 ·
347 1737 510 1810 rectore
546 1725 722 1808 fecimus
759 1727 962 1838 insigniri.
1015 1727 1176 1812 Datum
1211 1727 1382 1809 Rotibor
1413 1757 1488 1836 per
1518 1730 1669 1812 manus
1692 1729 1867 1820 Arnoldi
1887 1729 2019 1814 nostri
2055 1809 2079 1838 ,ε

349 1843 541 1951 Nothurij
583 1833 756 1946 summi,
796 1843 925 1928 Anno
963 1843 1120 1930 domini
1159 1843 1296 1930 Moe.
1337 1843 1509 1930 LXXX
1549 1857 1703 1959 quarto
1739 1848 1921 1934 testibus
1944 1847 2019 1957 qui

350 1963 528 2045 oderant
545 1958 654 2042 infra
676 1964 847 2070 scriptis
864 1961 1062 2044 videlicet
1080 1961 1330 2045 Brenzcone
1367 1963 1595 2046 castellano
1633 1963 1823 2047 descone
1845 1966 2017 2048 cornino

348 2079 549 2189 pribizleo
570 2077 698 2180 fratre
723 2077 811 2166 eius
832 2077 1011 2164 Martino
1033 2090 1308 2188 procuratore
1326 2080 1493 2172 domino
1511 2079 1680 2166 docebo
1699 2089 1741 2162 et
1758 2081 1848 2188 atijs
1867 2109 2018 2190 quam-

350 2196 551 2306 pluribus.
1449 2230 1453 2238 ·
1768 2247 1770 2254 ι
1860 2247 1867 2258 ·
1960 2233 1968 2245 ·

784 2793 788 2800 Ι
1115 2627 1254 2752 tm
1345 2607 1347 2612 ·
1632 2767 1635 2772 ,

631 2867 1397 2970 onocoetae-conmorit
1410 2881 1561 2970 1280
1579 2902 1746 2968 enno.
1867 2875 1871 2888 '

247 3159 254 3168 -
350 3113 509 3207 lacteo
531 3117 633 3190 dictu
653 3113 809 3202 Niger
822 3114 887 3188 du
897 3115 1073 3204 tricosus
1088 3115 1666 3210 submurmurantium
1694 3119 1841 3208 nunno
1854 3134 1912 3190 run
1924 3117 2016 3192 Bdo·
2295 3185 2299 3192 .

296 3287 300 3304 ,
350 3221 541 3340 custudire
561 3219 638 3293 nn
653 3217 848 3310 mamm,
872 3219 1005 3334 Suetus
1031 3217 1411 3294 succinctionem
1424 3219 1521 3344 (tyro
1535 3219 1773 3306 firdonem
1794 3218 2020 3307 onducto
2244 3239 2248 3246 ·

1086 3319 1216 3410 ΜΝ
1230 3319 1282 3404 (1)·

456 3556 506 3638 In
526 3557 694 3638 nomine
717 3554 875 3640 domini
896 3579 1032 3638 omen.
1061 3539 1195 3635 ¹Bone
1226 3552 1286 3660 rej
1320 3553 1422 3636 dere
1443 3551 1682 3635 consultum
1703 3557 1747 3631 et
1768 3549 2019 3631 adiutorium
2122 3573 2128 3578 ·

215 3729 219 3738 ·
353 3683 395 3758 et
413 3675 621 3782 presentis
642 3675 728 3756 vite
750 3661 911 3754 hebere
930 3667 1177 3754 subsidium
1201 3677 1243 3748 et
1264 3673 1406 3750 eterne
1442 3668 1797 3752 remuneracionis
1838 3666 2022 3750 cernitur
2126 3761 2130 3766 ¹

349 3793 556 3900 premium
580 3798 817 3916 expectere.
856 3788 1009 3872 Cum...
1030 3771 1241 3869 beneficio
1259 3775 1497 3895 principum
1520 3786 1673 3868 deceat
1694 3807 1789 3868 esse
1810 3809 2022 3886 mansure,

455 4049 499 4129 (¹)
521 4044 752 4112 Mucrkowski
768 4068 785 4112 e
799 4044 978 4112 Tebulerio
993 4043 1130 4130 publico
1146 4045 1255 4130 Regni
1270 4042 1461 4132 descripsit,
1476 4043 1534 4110 ubi
1548 4043 1584 4108 in
1597 4041 1694 4108 libris
1707 4041 1797 4110 Metr
1820 4039 1855 4106 ld
1869 4039 2022 4106 koroune

353 4130 452 4200 dictis
466 4131 585 4196 vetti
625 4131 754 4217 agneo
768 4139 802 4194 et
818 4150 910 4213 seqq.
925 4138 1115 4196 uservnur
1130 4129 1164 4193 in
1176 4137 1383 4213 transumpto
1409 4124 1697 4215 Alexandri'regis
1737 4148 1779 4191 uo
1821 4125 1978 4207 sequitur:

457 4217 551 4282 1506.
575 4153 637 4298 „iu
664 4213 795 4280 nomine
822 4213 947 4280 domini
972 4236 1077 4280 emen.
1114 4211 1169 4280 Ad
1185 4222 1378 4299 perpetuom
1404 4213 1453 4279 rei
1477 4212 1677 4278 memorium.
1713 4147 1743 4278 z
1981 4292 1987 4304 ι

376 4297 603 4384 rincipumqne
631 4297 812 4382 dignitates
840 4298 1007 4384 egregium
1033 4307 1112 4364 tuno
1138 4295 1268 4362 leudem
1290 4301 1408 4382 mererj
1425 4306 1613 4364 censentur.
1631 4295 1706 4360 dum
1719 4293 1776 4358 rllo
1791 4314 1854 4375 que
1869 4314 1930 4375 per
1946 4291 2022 4356 olnn

377 4381 450 4448 'vos
466 4403 595 4448 suerum
610 4383 818 4448 maiestetum
833 4389 1066 4448 antecessores
1076 4381 1207 4448 fuerent
1221 4403 1286 4466 pro
1296 4401 1431 4449 suorum
1447 4379 1622 4446 commodo
1639 4377 1844 4447 subditorum
1861 4395 2023 4444 concessa

353 4466 477 4532 cenric
504 4466 680 4532 vetustatis
705 4465 863 4532 reiciant.
886 4475 956 4532 tum
969 4466 1073 4532 multo
1099 4465 1292 4551 ampliorem
1314 4460 1495 4550 longeque
1530 4461 1768 4530 restenciorem
1795 4458 2023 4543 adipiscuntur

353 4547 429 4616 dum
446 4549 556 4622 etheo
573 4571 639 4634 que
652 4550 687 4616 in
700 4549 757 4635 pic
771 4572 875 4636 opera
913 4571 1117 4633 crsonesque
1141 4548 1388 4616 ecclesiasticos
1413 4549 1501 4614 mun'
1528 4571 1566 4614 ce
1582 4555 1659 4612 sunt
1675 4552 1813 4640 erogato
1837 4544 2024 4640 approbent

355 4642 389 4698 et
402 4655 442 4698 eo
456 4655 520 4716 que
537 4633 680 4699 obscure
695 4633 870 4716 minusque
885 4573 994 4700 firoide
1011 4635 1138 4719 scripte
1160 4641 1253 4698 erant
1269 4657 1311 4698 ns
1326 4633 1541 4716 imposterum
1567 4628 1691 4712 aliquid
1716 4628 1937 4714 ambigurtotrs
1963 4633 2042 4712 W

352 4715 439 4784 rient
454 4719 609 4802 cperoius
624 4717 805 4784 declarent
842 4718 946 4802 idque
962 4727 998 4784 ut
1013 4717 1195 4786 immortale
1222 4717 1368 4802 posteris
1384 4714 1442 4780 fiet
1454 4713 1583 4799 ,sigillis
1604 4714 1748 4780 autentis
1764 4712 1845 4794 (sic)
1870 4713 2023 4778 testium·

353 4819 416 4898 quc
431 4800 496 4946 s'de
513 4799 690 4888 dignorum
705 4804 927 4905 pnnoteciono
942 4803 1158 4888 perhorrent·
1197 4801 1343 4868 Proinde
1361 4821 1425 4864 nos
1440 4798 1642 4866 Allexendcr
1658 4795 2023 4960 (sic).deigrppie1ter

465 4903 578 4945 onum.
737 4919 749 4938 .

1746 4233 1799 4276 um
1814 4208 1880 4275 alte
1896 4209 2022 4293 Regum
2121 4259 2129 4268 .
