4952 5926
976 725 1334 800 ,-50-

377 929 615 1040 sidendum.
645 921 716 1008 Ad
736 923 817 1006 hec
837 919 1015 1029 cupiens
1052 923 1231 1034 amplius
1267 925 1436 1038 utilitstj
1472 930 1719 1015 monialium
1753 931 2039 1040 predictarum

376 1049 613 1164 prouidere.
637 1044 811 1126 donauit
833 1040 893 1123 eis
914 1067 1059 1126 seruos
1081 1043 1220 1154 glebo.
1242 1045 1441 1128 uidelicet
1459 1047 1675 1130 latkonem
1698 1057 1741 1130 ct
1759 1048 1892 1130 filium
1912 1075 2039 1134 suum

374 1167 653 1278 bogdassinm
674 1159 918 1242 cumfratre
940 1182 1017 1242 suo
1040 1169 1082 1241 ct
1101 1161 1186 1245 filio
1208 1160 1360 1246 fratris.
1384 1174 1427 1246 et
1445 1163 1624 1247 fundum
1645 1165 1712 1274 cuj
1735 1165 1894 1275 addictj
1918 1177 2040 1251 erant

376 1285 545 1372 nomine
564 1277 826 1393 gestiendicr'j.
842 1279 962 1387 jtem.
1017 1277 1196 1362 edonem
1217 1288 1262 1362 et
1278 1277 1410 1364 filium
1442 1307 1567 1364 suum
1596 1285 1906 1390 pardnssoncm
1941 1309 2040 1368 cum

376 1401 563 1516 golassio
584 1397 670 1480 filio
691 1394 831 1480 fratris
853 1405 896 1479 et
916 1305 1124 1504 gosdcone
1160 1395 1291 1481 fratre
1312 1425 1390 1482 suo
1412 1399 1660 1509 originarios
1680 1401 1724 1481 in
1742 1401 1844 1483 uilla
1864 1429 1949 1512 qne
1973 1403 2037 1484 di·

375 1524 483 1609 citur
504 1515 719 1624 mactocicj
741 1542 838 1594 cum
861 1514 1140 1624 eademnilla.
1173 1517 1248 1626 qui
1268 1517 1330 1598 ad
1346 1517 1607 1600 tribunatum
1628 1519 1823 1600 cracouie
1843 1520 2032 1626 pertine·

374 1637 492 1723 bant.
507 1636 616 1743 jtem
631 1631 836 1738 jacobum
858 1659 955 1712 oum
976 1630 1071 1740 filijs
1094 1643 1138 1714 et
1156 1631 1328 1714 fratrem
1350 1633 1454 1740 ejus.
1477 1661 1529 1714 ac
1549 1637 1744 1742 predium
1760 1636 1880 1743 cujus
1897 1635 2037 1746 colonj
2059 1627 2063 1638 ’

376 1763 497 1838 erant
518 1749 690 1860 djuoticj
713 1757 1016 1856 nuncupatum.
1039 1751 1113 1859 qui
1135 1760 1255 1832 crant
1276 1752 1538 1832 cracouiensi
1555 1753 1737 1862 agazonj
1756 1751 1923 1859 obnoxij
1947 1779 2035 1836 ser-

373 1857 522 1957 uitute.
557 1867 666 1974 jtem
686 1867 895 1950 nicolaum
916 1866 1082 1950 fabrum
1104 1875 1368 1974 spectantem
1391 1868 1446 1949 ad
1469 1867 1704 1977 dapiferum
1720 1870 2036 1978 oracoujensem

245 2025 253 2040 *
374 2014 474 2070 cum
495 1985 624 2098 gleba
645 1987 764 2094 cujus
786 2012 933 2069 seruus
956 1995 1047 2065 crat
1065 1985 1238 2091 lutouicj
1260 1985 1489 2066 nominata.
1516 1997 1557 2068 et
1578 2015 1675 2068 cum
1696 1996 1808 2072 sorte
1830 1989 1886 2067 ad
1901 1987 2035 2070 bene·

132 2149 135 2157 -
253 2183 257 2192 ,
374 2103 519 2186 ficium
538 2107 689 2215 ungarj
713 2107 872 2188 dictum
892 2103 1143 2211 pertinente.
1158 2101 1267 2208 jtem
1287 2110 1443 2184 sortem
1471 2107 1515 2186 in
1535 2115 1662 2185 ostreo
1693 2104 1934 2211 camerarijs
1956 2105 2035 2188 du·

373 2223 434 2304 cis
455 2233 731 2331 spectantem.
747 2224 856 2329 jtem
867 2228 1034 2300 sortem
1054 2221 1099 2298 in
1118 2231 1225 2300 rator
1245 2218 1355 2326 seruj
1379 2221 1504 2332 glebo
1525 2222 1772 2329 pertinentis
1805 2221 1861 2301 ad
1882 2247 2030 2304 craco-

371 2348 440 2432 uic
475 2345 721 2456 palatinum.
758 2339 866 2446 jtem
902 2345 1057 2420 sortem
1092 2335 1136 2416 in
1172 2362 1316 2447 caryon
1346 2337 1457 2445 sernj
1495 2337 1623 2449 glebo
1654 2337 1725 2447 qu‘
1763 2347 1944 2420 uocatus
1967 2349 2033 2420 est

371 2462 654 2548 uuencezlaus
677 2455 774 2564 (sic)
797 2455 1050 2558 cognomine
1071 2452 1220 2532 breda.
1243 2482 1341 2531 cum
1363 2455 1511 2536 eodem
1533 2465 1668 2536 seruo.
1683 2367 1791 2560 jdem
1811 2463 1967 2536 terram
1986 2457 2031 2538 in

371 2575 499 2662 lut-esi
517 2569 978 2684 (Libiat?)·habentcm
998 2566 1253 2676 mellificjum
1273 2595 1351 2675 per
1370 2567 1584 2652 uirbutam
1605 2569 1900 2680 (Wicrzbieta)
1934 2600 2030 2680 pre-

368 2695 554 2804 positum
586 2691 639 2772 de
659 2686 829 2770 otonetet
862 2689 1053 2799 petitam.
1086 2695 1130 2768 et
1159 2689 1203 2768 in
1230 2688 1369 2769 zar-eet
1391 2683 1459 2797 (²).
1506 2687 1600 2798 Has
1635 2686 1847 2796 siqnidem
1883 2713 2033 2775 omnes

370 2809 492 2896 uillas
514 2815 559 2894 ct
576 2833 679 2892 nens
701 2833 847 2888 earnm
867 2831 964 2890 cum
985 2805 1144 2888 colonis
1164 2805 1286 2887 terris
1310 2805 1469 2886 eisdem
1502 2803 1695 2906 addictio,
1729 2803 1904 2888 donauit
1932 2833 2030 2913 pre-

368 2925 467 3011 fatis
487 2925 740 3035 monjalibus
760 2925 850 3006 inre
870 2915 1122 3006 hereditario
1143 2921 1440 3030 possidendas.
1485 2921 1742 3006 Memoratos
1758 2930 1903 3003 tamen
1939 2949 2029 3006 ser·

367 3069 447 3129 uos
481 3071 586 3148 ¹cnm
604 3044 745 3127 liberis
767 3044 852 3124 suis
872 3041 1043 3124 uirbnta
1062 3042 1302 3150 prepositus
1322 3040 1409 3120 iam
1430 3037 1580 3143 dictus,
1618 3049 1662 3121 et
1691 3038 1938 3147 originarios
1975 3039 2030 3123 de

367 3162 517 3276 predio
539 3159 677 3244 dubniz
697 3158 751 3273 (³)
771 3161 816 3240 in
835 3160 929 3268 ripa
947 3157 1065 3241 wizle
1086 3160 1166 3243 sito
1189 3157 1243 3242 ab
1266 3157 1470 3266 oppositis
1492 3157 1701 3259 meconio,
1716 3154 2024 3240 bartossoncm.

365 3280 631 3363 raschonem.
652 3279 853 3360 razlaum.
877 3287 921 3359 et
938 3277 1224 3360 uthechoncm
1246 3303 1343 3359 oum
1361 3275 1503 3360 liberis
1527 3284 1571 3357 et
1591 3274 1847 3385 cognatione
1869 3299 2026 3358 eornm.

367 3423 419 3480 ao
441 3421 586 3481 omnes
606 3398 745 3480 taliter
766 3395 945 3480 donatos
965 3395 1219 3504 manumjsit.
1254 3404 1456 3505 preterea,
1469 3393 1746 3476 commutauit
1774 3392 1917 3476 uillam
1950 3399 2030 3482 ho-

365 3515 526 3598 minum
546 3517 803 3598 censitorum
825 3513 1009 3624 tropisseo
1042 3513 1199 3595 dictam
1234 3514 1277 3594 in
1309 3511 1557 3595 castellanie
1578 3511 1675 3625 (sic)
1696 3513 1891 3595 cracouie
1911 3517 2028 3627 posi.

366 3639 456 3714 tam
476 3631 721 3714 antedictis
743 3631 1006 3734 monialibus,
1029 3634 1130 3741 'quia
1150 3641 1215 3714 est
1237 3631 1460 3714 eisdcmain
1479 3629 1634 3735 uicino,
1669 3659 1746 3740 pro
1782 3633 1882 3714 uilla
1907 3637 2025 3742 ipsa·

364 3771 459 3830 rum
479 3748 585 3828 siche
618 3750 743 3853 dicta,
766 3759 809 3832 et
829 3751 1044 3858 separauit
1073 3751 1286 3859 predictos
1319 3747 1504 3830 censitos
1541 3751 1615 3858 qui
1645 3749 1840 3830 dicuntur
1870 3776 2026 3836 conare

229 3911 235 3920 ·
366 3893 393 3948 a
413 3889 492 3945 suc
514 3863 642 3973 gleba
660 3865 838 3974 prefata,
860 3865 991 3948 fretus
1014 3869 1266 3950 auctoritate
1286 3891 1366 3962 sua
1386 3873 1429 3948 et
1450 3864 1754 3948 consuetudine
1775 3867 2024 3976 prescripta,

364 3978 624 4065 transferens
644 3985 689 4064 in
709 3983 851 4066 uillam
885 3994 1170 4090 permutatam
1190 3983 1295 4066 sicto
1318 3984 1490 4068 eosdem
1526 4007 1671 4065 seruos
1704 3983 1830 4094 glebe
1864 3983 2025 4070 ibidem

363 4107 571 4209 perpetuo
592 4125 901 4208 permansuros.
917 4101 1024 4209 jtem
1045 4103 1286 4186 zelasonem
1306 4129 1358 4183 ac
1378 4109 1544 4209 patrem
1574 4125 1698 4182 suum
1717 4100 1905 4184 raalcnm
1926 4128 2027 4210 curn
2088 4193 2092 4200 ¹

364 4241 443 4300 sua
464 4218 732 4328 cognatione,
752 4220 828 4328 qui
848 4219 1104 4326 spectabant
1125 4221 1180 4302 ad
1199 4217 1455 4302 beneficium
1477 4219 1686 4302 crecouic.
1707 4217 1836 4300 latine
1856 4222 2022 4307 uarium

367 4341 551 4441 centum,
582 4335 794 4447 wlgariter
813 4345 928 4446 pstre
950 4347 1015 4422 sto
1038 4339 1209 4420 dictum.
1234 4337 1286 4430 de
1308 4334 1438 4450 gleba
1458 4363 1537 4418 sua
1555 4337 1727 4420 nomine
1763 4362 1919 4450 carpos,
1950 4367 2040 4450 σεχ

466 4564 679 4647 (ulmeae
698 4567 815 4636 widuc
842 4573 855 4635 ἱ
882 4571 979 4661 male,
1014 4567 1113 4635 villae
1142 4565 1281 4634 ducatus
1309 4564 1593 4652 Osriecierieusie,
1621 4567 1880 4652 septentrionem
1904 4590 2024 4639 vasus

251 4717 257 4732 ,
363 4645 551 4716 acuit-aria
564 4651 737 4740 (Kslwerja
750 4653 1042 4740 Zebrrydowska).

467 4749 510 4832 (θ)
531 4749 676 4830 Βςὸηίιεί,
687 4755 765 4819 villa
778 4755 926 4840 regionis
942 4751 1233 4842 Szozyrzyeeneis,
1247 4753 1426 4842 parochiae
1440 4773 1524 4824 veto
1538 4753 1581 4823 ed
1596 4775 1624 4824 c.
1639 4751 1804 4824 Jscobun
1817 4756 1854 4824 in
1864 4753 2022 4826 suburbio

363 4833 582 4914 cracoviensi,
595 4835 772 4926 Podgdrze
787 4837 890 4918 dicto,
905 4837 1097 4936 spectantis.
