4952 5926
1148 595 1373 666 ...9-

429 792 660 878 Dominnm
681 791 914 876 Henrioum
933 792 1101 876 Ducem
1120 791 1292 876 irenem
1312 822 1454 878 meum
1484 796 1701 904 Hospitali·
1726 791 1876 881 Sancti
1900 795 2090 888 domnis

348 941 366 982 ⁰
430 911 818 1018 Hierosolymitani,
839 939 917 1020 pro
943 911 1172 1014 animabus
1203 913 1335 1018 patris
1366 914 1450 992 mei
1484 923 1526 995 et
1555 916 1714 1015 matris,
1746 924 1878 1025 atque
1906 944 1984 1024 pro
2008 939 2101 1024 tua,

429 1029 563 1136 ipsius
586 1029 726 1112 anima
747 1029 914 1112 dedisse
936 1038 1092 1112 terram
1113 1056 1224 1137 qnae
1246 1029 1395 1110 dicitur
1416 1028 1563 1141 Zoqost
1573 1039 1710 1114 totam
1729 1033 1992 1138 integraliter
2004 1035 2091 1120 vil·-

429 1145 492 1228 las
516 1145 678 1226 scilicet
708 1155 892 1255 quatuor
923 1176 1020 1227 cum
1052 1146 1165 1228 omni
1197 1145 1454 1248 circuitione,
1486 1150 1610 1228 sicuti
1644 1148 1801 1231 Comes
1822 1149 1974 1232 Petrus
1995 1150 2089 1234 Ma·

428 1288 542 1372 gnus
565 1288 659 1343 eam
692 1265 929 1344 circumiuit
962 1273 1004 1342 et
1034 1262 1230 1370 signauit,
1269 1263 1365 1343 cum
1399 1265 1593 1348 omnibus
1631 1292 1744 1374 quae
1770 1267 1814 1345 in
1845 1267 1948 1374 ipsis
1979 1268 2090 1348 villis

431 1385 564 1482 erant,
585 1377 832 1487 pastoribus
851 1381 1049 1464 videlicet
1080 1377 1273 1459 omnibus
1298 1378 1578 1490 jumentarijs,
1610 1381 1819 1490 uinearijs,
1853 1383 2089 1494 sagenarijs
2221 1379 2225 1384 ’

429 1503 475 1579 et
494 1497 689 1580 omnibus
710 1499 890 1600 rusticis,
923 1497 997 1607 qui
1016 1498 1060 1576 in
1079 1496 1182 1602 ipsis
1203 1497 1310 1578 villis
1351 1499 1638 1600 morabantur,
1670 1509 1851 1608 excepto
1883 1528 1968 1583 uno
2000 1500 2089 1583 Ro·
2149 1587 2166 1608 „

428 1639 554 1716 mano
576 1611 776 1697 Vineario
797 1615 967 1696 nomine
987 1611 1166 1716 Barbez,
1192 1622 1235 1692 et
1256 1617 1443 1722 exceptis
1467 1617 1825 1726 quatuordecimis
1846 1615 2088 1702 hominibus
2132 1619 2135 1624 ’
2198 1644 2223 1695 4

430 1729 483 1810 de
503 1729 561 1814 Ki
582 1729 693 1840 (sic),
716 1729 870 1839 quibus
891 1729 1049 1812 ibidem
1070 1731 1234 1811 mansio
1257 1759 1464 1813 concessa
1494 1731 1633 1815 fuerat
1654 1733 1710 1814 ad
1730 1742 1910 1842 tempus,
1950 1735 2092 1838 donec

428 1846 529 1929 alibi
552 1849 612 1928 eis
634 1847 938 1956 prouideretur,
961 1875 1058 1928 cum
1090 1847 1202 1928 omni
1233 1874 1407 1956 quoque
1439 1850 1714 1958 suppellectili
1743 1853 1920 1960 reliqua,
1957 1877 2089 1959 equa-

427 1961 509 2044 bus
532 1965 703 2068 scilicet,
735 1963 888 2066 bubus,
918 1965 1076 2068 vaccis,
1109 1961 1260 2046 ovibus
1293 1973 1421 2073 atque
1452 1966 1606 2070 porcis.
1632 1963 1720 2048 Sed
1742 1975 1784 2048 et
1805 1967 1931 2050 aliam
1963 1965 2086 2050 dedit

429 2077 569 2162 villam
590 2084 759 2172 nomine
796 2078 947 2161 Ulozod
965 2107 1062 2161 cum
1094 2079 1287 2162 omnibus
1319 2085 1405 2163 suis
1435 2082 1709 2189 pertinentijs,
1745 2084 1860 2162 siluis
1891 2083 2091 2166 videlicet

429 2200 555 2308 agris,
584 2200 716 2308 pratis
748 2205 877 2308 atque
907 2197 1138 2304 mellificijs,
1172 2205 1386 2308 quotquot
1416 2199 1458 2278 in
1492 2225 1542 2280 ea
1575 2207 1704 2282 erant.
1747 2199 1880 2280 Dedit
1911 2227 2084 2308 quoque

427 2325 593 2421 praeter
623 2315 730 2398 haec
765 2317 906 2399 omnia
939 2313 1186 2396 Tabernam
1206 2315 1250 2393 in
1273 2312 1426 2395 Cochen
1441 2314 1584 2420 libere,
1620 2316 1896 2422 apraedioto
1927 2315 2089 2421 Hospi-

427 2432 501 2546 tali
519 2434 836 2542 possidendam.
869 2432 965 2540 Ego
987 2432 1118 2540 igitur
1140 2430 1380 2534 Commune,
1406 2433 1480 2541 qui
1495 2432 1579 2513 Dei
1607 2435 1758 2542 grana,
1782 2434 1968 2514 successi
1984 2431 2089 2513 hae·

425 2560 506 2651 ree,
540 2559 582 2630 et
609 2576 833 2656 possessor
868 2548 1077 2632 bonorum
1117 2546 1256 2627 fratris
1293 2550 1377 2630 mei
1410 2551 1507 2655 piae
1539 2551 1766 2632 memoriae
1798 2550 1931 2631 Ducis
1965 2548 2087 2630 Hen-

429 2667 514 2767 rici,
537 2669 678 2750 omnia
696 2667 929 2776 praedicta,
961 2692 1074 2774 quae
1097 2663 1334 2748 contulerat
1363 2665 1576 2774 Hospitali
1598 2666 1640 2749 S.
1664 2656 1857 2768 Joannis,
1891 2666 2085 2750 concedo

430 2781 566 2862 eidem
586 2783 801 2892 Hospitali
814 2783 910 2891 jure
930 2792 1137 2889 perpetuo
1172 2783 1443 2889 possidenda,
1475 2812 1552 2891 pro
1576 2783 1716 2863 anima
1750 2783 1888 2864 Patris
1923 2784 2007 2863 mei
2045 2791 2087 2864 et

427 2893 587 3004 Matris,
610 2912 652 2981 et
671 2928 748 3009 pro
771 2901 910 2984 animo
933 2899 1122 3008 ejusdem
1143 2897 1283 2980 fratris
1302 2903 1399 3004 mei,
1430 2899 1564 2980 Ducis
1585 2900 1772 3002 Henrici,
1806 2909 1850 2981 et
1880 2927 1958 3007 pro
1989 2926 2087 2982 mea

426 3018 558 3124 ipsius
579 3019 734 3099 anima.
766 3015 944 3099 Addens
964 3017 1135 3125 insuper
1149 3017 1396 3101 hominibus
1421 3017 1614 3099 omnibus
1638 3013 1681 3100 S.
1706 3015 1928 3118 dohannis,
1960 3015 2090 3118 liber·¹

425 3142 560 3230 tatem
582 3135 767 3220 omnium
787 3133 1043 3218 tributorum
1060 3129 1419 3237 velseruitiorum,
1435 3163 1548 3244 quae
1562 3161 1679 3218 more
1696 3133 1911 3236 Polonieo,
1929 3133 1984 3216 ab
1997 3133 2090 3242 alijs
2222 3215 2224 3220 ,

413 3253 591 3357 ‚rusticis
612 3243 705 3332 fieri
743 3252 891 3354 solent,
912 3275 965 3333 ne
988 3251 1156 3334 soluant
1174 3250 1379 3332 tributum
1408 3255 1452 3332 in
1483 3252 1587 3354 foro,
1618 3280 1673 3331 ne
1703 3251 1892 3357 hospites
1930 3253 2089 3331 ducant

364 3355 408 3388 ”²
426 3367 495 3449 vel
513 3377 706 3474 pascant,
727 3397 780 3448 ne
803 3368 1067 3469 falconarios,
1089 3369 1157 3450 vel
1177 3370 1531 3450 canumductores
1554 3369 1801 3474 suscipiant,
1822 3396 1877 3448 ne
1897 3369 1941 3446 in
1958 3396 2087 3474 expe-

427 3485 628 3567 ditionem
649 3486 820 3587 vadant,
853 3509 907 3566 ne
940 3486 996 3566 ad
1028 3511 1134 3593 opus
1171 3485 1300 3566 castri
1336 3487 1525 3568 seruiunt
1560 3487 1649 3566 siue
1686 3483 1865 3584 soluant,
1901 3511 1955 3563 ne
1987 3490 2088 3588 post

424 3601 558 3685 boues
580 3601 759 3686 soluant
784 3603 946 3685 Testes
967 3603 1092 3708 hujus
1113 3599 1227 3682 facti:
1259 3601 1356 3710 Ego
1377 3601 1615 3682 Kazimirus
1637 3601 1748 3702 Dux,
1769 3600 1976 3681 Dominus
1997 3597 2088 3680 Lu-

423 3745 503 3828 pus
521 3701 842 3830 (llsspiscopus
857 3720 1087 3824 Plozeusis,
1107 3745 1184 3830 per
1205 3707 1326 3826 cnjus
1344 3741 1519 3800 monum
1541 3719 1771 3801 elemosina
1782 3717 1884 3798 data
1897 3726 1973 3799 est.
1995 3717 2089 3802 Dos
2161 3813 2166 3824 ,

422 3905 575 4002 bernoin
591 3934 709 4002 Coton
738 3959 758 4000 a
781 3937 827 4002 ud
839 3934 970 4004 Muczk.
985 3907 1238 4025 in'archectypo
1254 3934 1352 4002 nobis
1366 3934 1498 4004 videtur
1514 3957 1588 4002 esse
1611 3932 1736 4004 Certen
1762 3933 1850 4004 Vide
1875 3942 1972 4002 notas
1986 3933 2037 4018 (3)
2052 3942 2089 4002 et

423 4016 474 4102 (4)
489 4017 678 4102 diplomatis
693 4019 743 4088 IV
755 3959 851 4106 injus
866 4020 957 4085 tomi.
976 4019 1104 4102 Goeleon,
1124 4021 1249 4100 t'oclrov,
1265 4017 1364 4084 hodie
1382 4021 1516 4087 o'zatow
1530 4019 1616 4084 villa.

431 4117 434 4123 '
526 4103 571 4182 (²)
581 4101 674 4170 Nunc
686 4104 726 4169 de
736 4127 821 4170 anno
834 4104 962 4170 tabulae
977 4102 1073 4190 hujus
1089 4125 1202 4188 pauca.
1219 4105 1329 4192 Lupus
1344 4103 1385 4169 de
1402 4114 1568 4169 stemmate
1579 4097 1969 4185 Godziemba,electusll
1994 4097 2088 4165 isco«

423 4185 673 4333 pssl’locensis
686 4199 765 4273 post
778 4212 893 4258 necem
905 4188 1047 4256 Verneri
1059 4189 1222 4273 episcopi,
1231 4187 1807 4272 quae,testetitonislaobubienecio
1822 4189 1872 4267 (in
1886 4172 1963 4250 vitis
1970 4121 2085 4280 Episc.

453 4266 533 4350 loc.)
549 4271 728 4337 subsecuta
742 4284 794 4340 est
807 4296 920 4338 mense
932 4273 1098 4337 februario
1117 4275 1208 4360 1272.
1233 4273 1429 4338 Suoatosloue
1444 4283 1564 4358 potens
1587 4274 1672 4338 civis
1688 4271 1923 4350 cracoviensis,
1940 4289 1996 4350 qm
2012 4289 2086 4331 cum

424 4351 510 4418 dexo
524 4353 565 4418 de
580 4355 769 4422 Mieohoria
789 4357 909 4438 noluit,
925 4367 961 4428 ut
972 4355 1153 4423 casimirus
1170 4356 1351 4423 Cracoviae
1367 4367 1531 4444 regnaret.
1552 4355 1611 4424 llla
1626 4357 1778 4438 denique:
1795 4357 1987 4434 „casimirus
2004 4351 2086 4415 ἀπ’

426 4441 461 4499 et
475 4440 648 4518 „successi
662 4439 780 4508 haeres
796 4449 829 4509 et
842 4463 1021 4528 possessor
1035 4440 1199 4506 bonorum
1214 4439 1326 4504 fratris
1340 4442 1404 4504 mei
1420 4441 1493 4526 piae
1517 4441 1692 4506 memoriae
1707 4439 1812 4504 Ducis
1827 4434 1983 4502 Hernici”
2004 4454 2086 4516 quae
2202 4443 2206 4448 '
2328 4471 2332 4478 ·

422 4518 459 4585 iu
474 4529 590 4591 nostro
608 4523 786 4610 diplomate
805 4509 972 4612 leguntur,
989 4523 1225 4606 demonstrant,
1241 4523 1449 4612 privilegium
1465 4524 1575 4588 datum
1591 4546 1665 4588 esse
1688 4543 1707 4586 a
1725 4522 1886 4594 Casimiro
1906 4521 2004 4586 lusto
2021 4517 2090 4582 hcc
2134 4569 2135 4572 η

423 4611 585 4690 tempore,
599 4627 666 4693 qno
675 4609 782 4676 adhuc
791 4609 857 4677 dux
875 4608 1154 4678 Sandomiriensis
1167 4619 1294 4678 tantum
1307 4617 1385 4676 erat.
1404 4609 1504 4677 Anno
1518 4609 1604 4685 enin
1619 4609 1712 4675 1114,
1728 4605 1945 4680 Svsntoslms
1957 4613 1991 4752 qt
2002 4603 2091 4671 laxo·

474 4719 601 4766 sonum.
1329 4717 1337 4735 '
1575 4723 1580 4728 '
1806 4720 1815 4748 ²
