4930 5922
1157 641 1161 650 ι

1152 681 1426 754 -llffl-

448 874 519 955 ras
542 875 751 987 quasdam
772 903 898 986 super
919 877 1107 990 generali
1126 879 1307 962 nansitu
1330 888 1372 960 et
1393 878 1663 988 deposicione
1685 876 1909 983 mercium,
1941 908 1993 962 ac
2014 879 2117 966 alia·
2237 875 2246 970 f

437 1017 544 1073 -rum
563 1021 701 1075 rerum
724 996 1022 1100 exhibuerunt,
1059 997 1155 1080 olim
1192 1026 1218 1078 a
1239 995 1514 1080 Serenissimo
1545 995 1735 1104 principe
1758 995 1927 1082 domino
1950 997 2115 1082 Vence-

364 1173 366 1178 .
451 1106 540 1190 slao
560 1109 683 1219 'Rege
705 1110 921 1216 Bohemie,
943 1113 1221 1230 Cracouiensi
1238 1122 1280 1196 et
1296 1111 1630 1198 Sandomiriensi
1646 1112 1767 1214 duce,
1784 1113 2117 1228 Marchioneque

449 1222 637 1308 Morauie
660 1239 740 1309 etc.
773 1229 1076 1337 predecessore
1096 1239 1240 1313 nostro
1262 1227 1394 1312 felicis
1416 1232 1613 1314 memorie
1634 1230 1737 1336 ipsis
1760 1257 1810 1310 ac
1832 1230 1994 1342 prefate
2015 1231 2119 1316 ciui·

450 1343 529 1422 tati
549 1347 798 1451 oppauiensi
820 1374 1067 1454 concessae,
1089 1375 1213 1432 sanas
1225 1405 1235 1450 ‚
1255 1347 1459 1458 integras,
1481 1375 1566 1430 non
1588 1344 1860 1452 cancellatas,
1881 1375 1966 1431 non
1986 1373 2118 1452 rasas,

449 1484 596 1540 verum
618 1467 730 1544 omni
750 1465 859 1546 vicio
882 1475 925 1545 et
945 1468 1185 1574 suspicione
1221 1491 1391 1572 prorsus
1428 1473 1642 1566 carentes,
1678 1464 1964 1572 supplicantes
1997 1465 2118 1550 nobis

448 1595 547 1660 oum
570 1580 683 1660 omni
704 1581 1180 1692 hnmilitate‚.quatinus
1200 1580 1389 1690 prefatas
1425 1581 1589 1686 literas,
1610 1582 1679 1663 ‘sic
1700 1592 1750 1662 ut
1769 1582 2020 1690 premissum
2042 1589 2118 1686 est,

449 1691 553 1799 ipsis
576 1718 803 1778 concessas
823 1699 1046 1804 retificem,
1067 1703 1292 1802 innouare,
1315 1697 1566 1806 approbare,
1589 1708 1632 1780 et
1652 1700 1845 1810 graciose
1869 1700 2119 1784 confirmare

452 1809 734 1918 dignaremur.
788 1811 977 1913 Quarum
1014 1817 1186 1929 quidem
1220 1817 1431 1899 literarum
1474 1827 1594 1900 tenor
1626 1815 1678 1897 de
1709 1816 1842 1900 verbo
1865 1817 1919 1898 ad
1940 1813 2118 1900 verbum

452 1925 645 2036 sequitur
666 1924 713 2010 et
730 1941 795 2013 cst
815 1935 940 2014 talisz·
1062 1927 1065 1936 ’
1773 1955 1778 1964 ’

657 2064 745 2146 Nos
767 2057 1028 2152 Venceslaus
1043 2067 1120 2148 dei
1140 2067 1289 2178 gracia
1311 2055 1403 2148 Rex
1423 2065 1628 2150 Bohemie
1652 2066 1737 2148 dux
1759 2065 2054 2149 Oracoviensis
2076 2080 2119 2150 et

452 2193 456 2204 '
491 2287 493 2292 ι
555 2173 927 2286 Sandomiriensis,
946 2175 1223 2296 Marchioque
1246 2180 1456 2286 Morauie,
1486 2191 1641 2293 ,tenore
1681 2185 1947 2292 presencium
1971 2195 2118 2271 notum

554 2288 732 2378 facimus
754 2303 961 2384 universis
982 2291 1358 2408 tam‘presentibus
1382 2303 1511 2410 quam
1533 2297 1696 2382 futuris.
1760 2294 1886 2398 Quod
1917 2329 1993 2383 nos
2018 2301 2118 2384 dile-

554 2421 645 2495 ctos
668 2416 784 2496 ciues
805 2427 970 2501 nostros
995 2417 1048 2500 de
1072 2417 1255 2530 Oppaor'o
1272 2419 1325 2530 (r)
1359 2425 1669 2528 prosequentes
1691 2414 1835 2520 fauore
1857 2413 2052 2500 beniuolo
2077 2429 2119 2500 et

553 2531 817 2640 gratitudine
839 2535 1030 2646 speciali,
1069 2536 1229 2616 eisdem
1252 2535 1419 2617 ciuibus
1442 2537 1593 2617 nostris
1616 2533 1903 2617 fauorabilitcr
1926 2532 2118 2617 ducimus

451 2645 461 2652 “
556 2651 893 2757 concedendum,
915 2651 1032 2762 quod
1053 2653 1095 2734 in
1116 2654 1210 2759 ipsa
1232 2653 1403 2735 ciuitate
1429 2649 1614 2761 Oppour'a
1633 2649 1815 2760 plumbi,
1836 2649 1934 2755 vini,
1954 2677 2118 2759 panno-

553 2791 668 2868 rum,
688 2768 788 2852 salis
812 2780 855 2852 et
876 2771 1050 2852 aliarum
1072 2771 1257 2853 omnium
1279 2767 1500 2870 mercium,
1538 2799 1718 2878 quarum
1748 2768 1906 2851 ibidem
1939 2796 2117 2876 genera-

552 2879 636 2964 lem
656 2889 879 2972 transitum
903 2889 1128 2970 statuimus
1153 2887 1413 2994 deposicioni
1435 2885 1552 2996 quod
1571 2885 1791 2996 Nijderlag
1822 2883 2033 2994 wlgariter
2055 2887 2117 2970 di·
2156 2954 2160 2962 .
2214 2937 2225 2960 c

554 2999 661 3082 citur
681 3031 756 3109 per
776 3006 960 3086 triduum
982 3007 1035 3086 de
1058 3013 1199 3086 cetero
1222 3001 1443 3104 habeatur,
1460 3005 1521 3084 ita
1541 3005 1657 3112 quod
1680 3029 1932 3114 quecunque
1954 3030 2117 3084 merces

555 3115 610 3194 ad
640 3121 776 3228 ipsam
808 3123 1026 3203 ciuitatem
1056 3122 1247 3204 venerint
1280 3133 1397 3206 extra
1431 3147 1523 3202 eam
1553 3119 1663 3205 infra
1682 3130 1769 3201 tres
1792 3119 1880 3200 dies
1904 3118 2007 3200 alias
2030 3145 2145 3203 non·

450 3264 455 3274 ¹
556 3230 777 3319 ducantur.
809 3239 860 3320 Iu
882 3239 1002 3346 cujus
1022 3239 1082 3320 rei
1103 3241 1389 3323 testimonium
1410 3245 1627 3346 presentes
1648 3237 1789 3322 literas
1810 3235 1913 3338 fieri,
1938 3245 1979 3318 et
2000 3235 2116 3346 sigil-

336 3377 342 3390 ·
459 3391 463 3398 ·
550 3345 685 3432 lorum
708 3365 944 3438 nostrorum
966 3357 1195 3438 munimine
1213 3353 1390 3438 fecimus
1411 3355 1636 3460 liberaliter
1658 3355 1916 3463 communirj.
1956 3354 2117 3474 Datum

553 3464 692 3552 Brune
715 3471 770 3584 (³)
791 3501 867 3583 per
898 3501 1048 3574 manus
1079 3473 1273 3584 Magistri
1304 3472 1512 3558 dohannis
1536 3471 1734 3558 Sacensis
1755 3473 1978 3582 prepositi,
2018 3497 2116 3580 pro·

444 3637 446 3642 -
552 3584 780 3698 thonotsrji
801 3593 933 3675 nostri
952 3593 1140 3677 Morauie
1162 3617 1272 3675 anno
1296 3591 1454 3677 domini
1473 3590 1692 3675 millesimo
1730 3590 2018 3672 ducentesimo
2040 3615 2118 3674 no-

554 3708 778 3813 nagesimo
815 3719 932 3793 sexto
970 3710 1133 3794 decimo
1171 3718 1324 3794 octavo
1359 3709 1567 3792 kalendas
1601 3706 1855 3807 decembris,
1891 3706 2116 3786 indicionis

558 3819 731 3908 decime.
1725 3847 1727 3850 ’

611 3964 700 4048 Nos
722 3968 868 4080 itaque
888 3974 1074 4080 ipsorum
1094 3968 1292 4079 precibus
1313 3970 1519 4074 inclinati,
1551 3969 1907 4076 attendentesque
1928 3965 2117 4072 ipsorum
2191 4031 2198 4046 .

448 4077 685 4186 peticiones
708 4111 800 4168 esse
820 4087 1035 4190 honestas,
1060 4087 1192 4171 iustas
1215 4097 1259 4168 et
1277 4088 1556 4192 racionabiles
1579 4087 1634 4172 ob
1656 4085 1798 4168 fidelia
1821 4108 1965 4166 eorum
1986 4081 2120 4170 serui-

451 4197 527 4301 cia,
546 4187 701 4310 qdibus
724 4227 770 4285 se
791 4202 913 4290 nobis
936 4214 980 4286 et
998 4203 1370 4314 predecessoribus
1393 4208 1544 4292 nostris
1568 4215 1615 4290 et·
1632 4203 1798 4288 Corone
1820 4207 1962 4285 nostre
1984 4197 2122 4282 bohe-

450 4316 530 4396 mie
551 4322 772 4408 memorati
793 4323 909 4406 ciues
925 4330 1102 4432 paratos
1124 4349 1291 4432 semper
1314 4336 1356 4407 et
1375 4333 1594 4434 promptos
1616 4320 1914 4420 exhibuerunt,
1930 4317 2117 4424 ipsorum
2197 4335 2202 4348 ·

450 4429 744 4541 hujuscemodi
772 4440 915 4524 literas
948 4442 1003 4528 de
1032 4449 1178 4526 nostra
1207 4443 1327 4554 regia
1347 4442 1613 4553 benignitate
1635 4451 1840 4550 tanquam
1862 4435 1955 4518 Rex
1975 4431 2117 4516 Bohe-

555 4702 598 4780 (l)
618 4697 645 4764 0
669 4723 746 4784 awa,
756 4700 945 4854 manica
965 4651 1127 4787 l'roppau,
1142 4701 1222 4766 urbs
1238 4703 1420 4786 superioris
1437 4702 1590 4786 Silesiae,
1604 4701 1683 4768 clim
1698 4699 1837 4766 duasne
1850 4701 1962 4780 caput.

556 4783 600 4865 (⁸)
655 4807 738 4869 m,
852 4811 883 4866 a,
899 4785 1028 4867 Bm,
1041 4785 1213 4853 monum
1227 4789 1331 4869 caput
1379 4839 1382 4847 .
