4890 5924
1023 711 1088 772 -'
1124 707 1201 790 tot
1254 753 1299 770 -

323 901 426 1005 sals
445 918 667 1003 usuram
715 913 832 1016 aurs
848 915 1051 1025 prouidus
1070 917 1135 998 va
1156 914 1311 1028 flasse
1330 913 1443 998 sirus
1464 913 1639 1024 vernes
1662 917 1715 1000 as
1734 916 1996 1033 assenaco

322 1045 469 1122 noster
489 1031 672 1118 seruitor
691 1033 829 1117 fidelis
851 1058 948 1118 cum
967 1031 1140 1116 licentia
1160 1043 1205 1116 et
1224 1031 1373 1118 fauore
1402 1042 1547 1118 nostro
1571 1035 1672 1114 emit
1692 1039 1933 1122 scultetiam
1954 1039 1998 1120 in

322 1156 427 1238 villa
439 1161 587 1243 nonna
607 1149 807 1234 Bormold
826 1149 895 1263 (t),
916 1151 1156 1260 incipiendo
1174 1179 1206 1233 a
1227 1151 1350 1234 metis
1373 1149 1608 1233 Joroscboso
1630 1151 1686 1266 (ὃ)
1730 1167 1780 1236 e'x
1812 1165 1996 1264 utraque

322 1281 446 1384 parte
464 1266 820 1356 flnniKtr'iasczr
846 1293 1013 1352 sursum
1035 1271 1355 1385 quinquaginta
1375 1271 1543 1374 laneos,
1565 1294 1660 1351 cum
1682 1272 1878 1356 omnibus
1893 1275 2001 1383 juri·
2041 1324 2051 1330 -

269 1469 273 1478 .
322 1391 405 1475 bus
437 1389 553 1472 sicut
585 1387 655 1498 alij
691 1384 865 1472 sculteti
883 1387 927 1468 in
948 1395 1105 1472 nostra·
1121 1394 1244 1471 'terra
1280 1389 1443 1472 habent
1474 1395 1516 1471 et
1542 1397 1743 1494 utuntur,
1775 1389 1830 1473 ad
1852 1415 1999 1476 omnes

321 1507 492 1608 Emittes
510 1509 556 1592 in
575 1513 782 1617 quattuor
801 1506 1187 1624 partesplenariae
1206 1505 1309 1620 (sic)
1332 1505 1502 1611 habeat,
1541 1506 1709 1619 absque
1731 1511 1845 1592 omni
1864 1511 1999 1621 impe-
2133 1543 2139 1554 ·

324 1627 524 1710 ffimento.
586 1624 754 1709 Idcirco
786 1627 942 1708 damus·
968 1626 1107 1708 eidem
1138 1622 1340 1708 Hanko'ni
1361 1623 1463 1740 (sic)
1486 1633 1529 1707 et
1548 1627 1636 1736 suis
1656 1625 1877 1740 legittimis
1899 1655 1998 1712 suc·
2070 1625 2087 1724 J

324 1743 565 1830 caesoribus
584 1742 827 1831 scultetiam
847 1745 891 1826 in
913 1742 1148 1826 dintavilla
1179 1741 1380 1826 Banoald
1398 1773 1493 1826 cum
1518 1741 1713 1827 omnibus
1743 1746 1996 1846 redditibus,

323 1861 598 1979 utilitatibus,
629 1887 706 1946 seu
736 1861 1018 1972 proruentibus
1049 1862 1320 1970 subscriptis,
1351 1862 1553 1947 videlicet
1574 1861 1628 1942 de
1647 1865 1851 1969 predictis
1874 1866 1998 1980 quin·

324 1981 536 2094 quaginta
554 1981 685 2066 laneis
707 1982 933 2095 septimum
969 2003 1164 2073 mansum
1184 1981 1361 2064 liberum
1386 1991 1428 2062 et
1446 2007 1522 2089 pro
1546 1979 1728 2063 ecclesia
1751 1984 1856 2066 duos
1878 2009 2000 2092 man-

326 2123 396 2183 sos
417 2125 494 2209 pro
515 2097 712 2208 pellendo
746 2125 884 2210 grege
912 2097 1082 2182 liberos.
1134 2097 1324 2213 Piscinas
1358 2125 1453 2180 cum
1474 2097 1723 2182 molendinis
1742 2100 1786 2180 in
1807 2103 1999 2208 predicto

323 2215 454 2302 fluvio
475 2226 551 2300 aut
570 2215 675 2301 alias
695 2218 771 2302 ubi
791 2217 873 2300 sibi
895 2215 1046 2300 melius
1065 2216 1278 2303 videbitur
1300 2215 1501 2298 edificare
1517 2225 1563 2298 et
1578 2225 1838 2324 construere,
1861 2240 1999 2330 quan·

203 2353 219 2378 ⁸
324 2345 416 2418 turn
437 2361 614 2418 necesse
635 2333 772 2433 furuit.
793 2331 1049 2418 thabernam
1068 2331 1260 2418 liberam.
1288 2335 1505 2445 pistorem.
1523 2333 1778 2418 carnificem.
1797 2345 1998 2421 sutorem.

325 2463 542 2538 sartorem.
563 2451 746 2536 fabrum.
770 2449 1017 2536 currifioem.
1041 2452 1309 2562 aliorumque
1331 2453 1689 2556 mechanicorum,
1721 2455 1902 2564 quorum
1924 2479 2000 2536 ne-

326 2570 606 2674 occecinerit,
629 2583 672 2654 et
693 2572 778 2654 duo
801 2572 1016 2682 quartalia
1036 2595 1112 2680 pro
1130 2571 1246 2654 ortis.
1281 2571 1473 2656 Tertium
1497 2571 1717 2658 denarium
1741 2571 1795 2654 de
1817 2572 1931 2682 omni
1950 2599 1999 2656 re

321 2687 516 2798 jrrdioata
545 2689 863 2802 inperpetuum
885 2687 1036 2779 damus
1067 2688 1206 2772 sidem
1239 2688 1445 2775 Sculteto.
1479 2691 1654 2801 suisque
1682 2682 2021 2776 successoribus

279 2996 281 3004 ’
326 2969 361 3034 iu
376 2965 454 3066 villa
469 2967 636 3033 Barwalth
653 2965 819 3056 Stanislao
834 2968 869 3034 in
885 2967 999 3035 eadem
1013 2968 1100 3038 villa·
1108 2967 1251 3035 sculteto
1267 2967 1385 3036 facta?
1412 2967 1668 3053 'transumptum
1684 2969 1775 3054 regis
1798 2965 2002 3056 sigismundi

329 3075 365 3119 se
392 3061 490 3116 artur:
1150 3105 1155 3129 ,
2015 3101 2020 3112 ,

369 3074 390 3136 q
429 3135 469 3202 ln
488 3135 621 3202 nomine
637 3133 764 3200 domini
779 3159 885 3202 amen.
921 3137 969 3202 Ad
986 3147 1179 3223 perpetuam
1205 3137 1254 3202 rei
1282 3137 1481 3202 memoriam.
1518 3136 1587 3202 Nos
1610 3135 1844 3223 sigismundus
1860 3147 1924 3204 etc·
1947 3139 2002 3208 Si·

327 3221 523 3308 gnificamus
538 3229 603 3286 etc.
639 3219 734 3306 Quis,
754 3221 934 3288 exhibitum
951 3231 1006 3290 est
1018 3243 1134 3290 coram
1148 3222 1248 3292 nobis
1263 3243 1327 3306 pro
1343 3230 1439 3306 parte
1459 3220 1596 3306 ‘prouidi
1624 3221 1795 3290 Stanislai.
1810 3223 2004 3290 hereditarii

328 3303 460 3390 sculteti
474 3303 509 3375 in
523 3303 602 3370 villa
620 3315 738 3374 nocua
765 3307 930 3374 Baream
954 3306 1165 3406 privilegium
1193 3306 1443 3404 infructiptum
1465 3303 1526 3376 sub
1547 3304 1645 3374 titulo
1664 3315 1699 3374 at
1720 3305 1832 3393 sigillo
1858 3307 2004 3376 lllcstris

329 3387 408 3453 olim
422 3387 560 3455 Domini
584 3387 727 3455 Joannrs
755 3389 1229 3477 ducis20sswrjencaijmansia
1253 3389 1538 3490 supphcstumque
1555 3399 1607 3458 est
1621 3390 1731 3473 nobis,
1746 3389 1878 3458 utillud
1892 3391 1936 3458 ob
1950 3393 2003 3458 ni»

327 3475 427 3563 mian
440 3472 536 3540 illics
546 3482 748 3547 vetustatem
762 3483 797 3542 et
811 3473 912 3564 sigilli
925 3475 1125 3545 fractionem
1140 3477 1182 3542 de
1196 3475 1404 3563 benignitate
1431 3487 1549 3544 nostra
1575 3499 1612 3542 re
1638 3475 1670 3542 ia
1695 3477 1855 3544 innovare
1877 3495 2002 3560 apprc-

327 3555 595 3644 bare‚ratiiicara
610 3566 644 3624 et
658 3558 852 3628 confirmare
894 3561 901 3574 '
928 3581 1091 3629 naremur.
1113 3559 1217 3634 Cuius
1232 3560 1402 3648 priuilegii
1414 3570 1514 3628 tenor
1529 3583 1549 3630 a
1562 3581 1604 3628 vc
1681 3559 1725 3628 ad
1739 3559 1878 3632 verbm
1889 3561 2002 3644 aqui,

330 3651 385 3708 tur
401 3651 435 3708 at
450 3651 504 3708 est
517 3639 603 3708 talis.
627 3643 712 3726 (Huc
725 3647 896 3710 nosuctob
929 3647 1042 3710 canni
1057 3645 1172 3727 1361).
1664 3693 1669 3701 .
1956 3687 1961 3698 ·

433 3725 503 3794 Nos
519 3726 620 3813 igitur
635 3727 868 3816 Sigismundus
884 3729 956 3794 Rex
1008 3727 1153 3796 raelatns
1184 3725 1489 3813 supplicationibus
1503 3749 1566 3813 pro
1583 3737 1677 3813 parte
1693 3725 1812 3812 prefati
1844 3725 2004 3796 Stanislai

237 3853 239 3858 ·
331 3810 471 3878 Sculteti
486 3809 584 3877 iustis
600 3821 634 3878 et
649 3812 770 3880 rationi
784 3813 945 3880 consonis
962 3751 1006 3879 ad
1020 3835 1083 3880 nos
1096 3813 1263 3898 porrectis
1278 3813 1426 3912 gratiose
1444 3822 1638 3892 annuentes,
1654 3810 1768 3878 literas
1783 3813 2000 3898 prsinsertss

329 3896 364 3962 in
380 3895 533 3974 omnibus
549 3899 620 3963 e'us
636 3898 716 3979 (sic)
745 3897 1006 3982 conditionibus,
1038 3897 1205 3981 clausulis,
1229 3895 1377 3976 articulis
1398 3909 1432 3963 ct
1447 3894 1621 3981 sententijs
1637 3895 1677 3962 de
1693 3907 1785 3962 certa
1814 3897 1955 3963 scientia
1969 3909 2004 3964 et

261 4001 264 4013 ·
331 3980 438 4068 gratia
454 3981 561 4064 spatia
575 3983 585 4046 i
600 3982 726 4050 nostris
742 3983 846 4067 regijs
861 3983 1080 4063 innovandas,
1096 3981 1346 4069 approbandas,
1372 3981 1582 4064 ratificondas
1595 3995 1629 4046 et
1644 3979 1887 4048 confirmandas
1906 3983 2002 4048 duxi·

330 4085 412 4148 mus,
427 4063 699 4150 innovamnsque‚
715 4065 950 4153 approbamus,
962 4067 1161 4134 ratificamus
1177 4078 1212 4134 et
1226 4067 1459 4133 confirmamus
1499 4066 1698 4150 resentibus,
1710 4069 1930 4134 decernentes
1945 4087 2001 4134 eas

271 4151 274 4162 '
330 4170 369 4214 ac
386 4149 496 4246 omnia
511 4160 545 4215 et
560 4151 690 4237 singula
703 4151 738 4216 in
753 4149 802 4219 eis
818 4159 977 4218 contenta
992 4161 1025 4218 et
1040 4175 1201 4237 expressa
1216 4153 1283 4216 vim
1298 4175 1336 4218 ac
1354 4151 1457 4218 robur
1473 4091 1584 4218 debite
1604 4160 1638 4218 et
1651 4161 1815 4240 perpetue
1839 4149 2002 4216 firmitatis
2071 4157 2075 4168 '

330 4230 482 4299 obtinere
511 4237 715 4320 presentium
741 4236 910 4303 literarum
938 4239 1136 4304 auctoritate
1154 4236 1347 4305 accedente.
1383 4237 1422 4302 ln
1437 4240 1531 4324 cujus
1547 4237 1596 4302 rei
1610 4237 1836 4303 testimonium
1859 4233 2003 4323 sigillum

329 4322 479 4384 nostium
494 4328 547 4385 est
560 4319 773 4404 presentibus
789 4322 893 4406 subap
920 4344 1045 4388 susum.
1067 4324 1192 4388 Datum
1207 4333 1240 4390 et
1252 4332 1361 4389 actum
1376 4323 1521 4390 Gramma
1535 4322 1618 4390 feria
1632 4323 1747 4405 quinta
1760 4320 1913 4408 proximn
1925 4329 2001 4385 ante

328 4403 448 4470 festum
468 4399 657 4470 sanctorum
673 4405 819 4473 Simonis
837 4415 871 4473 et
885 4343 994 4473 iudae
1009 4407 1248 4493 apostolorum.
1289 4407 1380 4472 Anno
1405 4407 1529 4472 domini
1547 4407 1719 4474 millesimo
1735 4403 2001 4491 quingentesimo

329 4487 501 4574 trigesimo
518 4489 671 4576 septimo,
688 4491 786 4577 regni
801 4487 909 4558 nostri
925 4515 1011 4558 anno
1026 4491 1201 4581 trigesimo
1217 4490 1336 4578 primo·
1361 4477 1578 4560 Presentibus
1594 4499 1658 4558 etc.

431 4590 475 4671 (¹)
498 4591 655 4658 Borwcld
667 4596 773 4660 tredaci
790 4615 864 4660 cum
880 4593 1033 4662 scultetis
1048 4603 1082 4660 et
1096 4593 1254 4660 Bnnocld
1269 4593 1341 4660 doln
1386 4591 1482 4660 villae
1501 4595 1534 4658 in
1550 4617 1585 4658 re
1612 4593 1688 4658 ione
1704 4589 2000 4674 antiquaOsvieci·
2136 4631 2141 4642 ·

281 4759 286 4775 .
328 4673 445 4824 mignsi
463 4677 587 4757 (lato).
624 4677 781 4751 Borwald
806 4689 927 4765 postea
948 4702 1007 4746 arx
1028 4680 1101 4763 luit,
1130 4678 1294 4744 latronum
1351 4641 1469 4744 ilesiae¹
1492 4679 1526 4744 in
1552 4611 1725 4744 Priamum
1753 4677 2001 4763 irrumpentium

329 4779 365 4824 ⁸0
391 4781 475 4928 mv)
496 4794 628 4944 Forsan
643 4847 844 4916 Jaroszewiea
857 4871 932 4914 curn
949 4814 1111 4928 scultetis,
1123 4847 1246 4913 ibidem
1262 4797 1411 4913 locorum
1427 4847 1549 4945 (loto).
1567 4920 1569 4929 ,
