4930 5922
995 707 1512 782 --82-'.

395 903 573 1014 Sactdol
599 903 893 1017 prenominato
923 901 1074 1004 abbati
1106 915 1150 990 et
1180 891 1413 994 conuentui
1430 919 1656 1020 prenotato
1679 917 1883 1000 attentius
1904 917 2062 1005 confixa

392 1053 579 1130 mamus3
600 1039 686 1109 non
708 1025 906 1109 obstante
926 1025 1150 1136 priuilegio
1168 1028 1653 1114 cracoviensisciuitan's
1668 1035 1787 1142 prius
1806 1035 1905 1120 dato
1923 1065 2062 1146 quon·
2143 1051 2147 1062 '

394 1147 492 1230 dam
513 1169 640 1250 super
660 1142 758 1226 villa
778 1151 1032 1248 memorata,
1053 1152 1131 1250 per
1151 1145 1269 1255 quod
1289 1145 1345 1227 ad
1368 1146 1604 1232 districtum
1624 1150 1759 1258 ipsius
1788 1151 1975 1238 ciuitatis
1990 1147 2063 1238 ‘di-

393 1261 575 1360 cebatur
589 1261 816 1369 pertinere.
848 1261 957 1345 Item
979 1261 1172 1344 dedimus
1195 1289 1300 1370 sepe
1321 1263 1435 1348 dicto
1453 1266 1536 1348 ciui
1551 1277 1693 1350 nostro
1715 1254 1889 1380 suisque
1912 1298 2063 1356 succe·

393 1381 538 1464 <laneis
561 1406 689 1484 super
709 1387 944 1462 memorata
965 1377 1066 1478 villa
1084 1377 1243 1462 Bezdcn
1262 1379 1438 1465 liberam
1458 1381 1705 1468 facultatem
1727 1385 1934 1489 donandi,
1955 1417 2062 1474 ven·-

327 1591 329 1598 ,
393 1496 540 1602 dandi,
559 1496 755 1606 legendi,
769 1495 1128 1600 recommutandi,
1144 1523 1222 1581 seu
1239 1525 1511 1610 quocumque
1527 1504 1654 1587 modo
1671 1502 1868 1608 volucrit,
1882 1503 2063 1591 liberum

390 1615 472 1700 sibi
493 1615 549 1696 sit
569 1615 768 1696 alienare.
817 1611 878 1696 Et
898 1642 951 1696 ne
975 1615 1187 1725 quispiam
1208 1616 1320 1700 hanc
1341 1627 1531 1700 nostram
1552 1621 1825 1707 donationem
1845 1651 1921 1706 scu
1941 1650 2061 1710 com-

248 1829 251 1836 ·
389 1735 668 1817 mutationem
684 1739 954 1840 perpetuam
989 1731 1160 1840 publice
1194 1744 1414 1841 peractam
1455 1737 1598 1820 ualeat
1631 1739 1814 1844 irritare,
1849 1741 1918 1823 vel
1953 1749 2096 1826 ausu?

357 1941 362 1948 ,
389 1843 614 1934 temerario
632 1858 908 1958 attemptare,
943 1860 1187 1959 presentem
1206 1850 1373 1935 kartam
1395 1857 1655 1961 appensione
1676 1858 1811 1940 nostri
1832 1857 1958 1968 sigilli
1980 1858 2061 1940 du-

389 1971 525 2050 ximus
557 1966 841 2053 muniendam.
894 1967 1051 2050 Testes
1079 1976 1226 2048 autem
1247 1971 1322 2077 qui
1343 1969 1538 2077 aderant,
1560 1974 1619 2082 hij
1641 1983 1759 2086 sunt,
1782 2001 1963 2083 quorum
1984 2003 2061 2061 no·
2086 1985 2088 1990 ’

390 2088 505 2167 mina
541 2095 641 2167 sunt
676 2084 928 2193 subscripta:
983 2083 1138 2168 Comes
1177 2083 1306 2170 Sulca
1336 2088 1550 2195 palatinus
1582 2091 1888 2194 cracouiensis,
1906 2087 2063 2178 ‘runo

389 2202 690 2308 cancellarius,
713 2203 868 2287 Comes
890 2199 1234 2311 ‹Iacobusjudex
1256 2207 1559 2311 cracoviensis,
1581 2209 1731 2292 Petrus
1753 2209 2057 2314 thesaurarius,

391 2320 545 2428 Comes
566 2319 809 2421 Miroslaus,
828 2317 1085 2404 Laurentius
1107 2323 1363 2406 camerarius
1386 2327 1691 2426 cracoviensis,
1714 2321 1878 2435 Segota
1899 2325 2058 2410 subca-

388 2439 589 2522 merarius
610 2437 965 2540 sandomiriensis,
1001 2439 1152 2522 Petrus
1189 2465 1375 2523 cosenov
1397 2439 1494 2553 (sic)
1536 2441 1796 2526 Dethmarus
1818 2443 2057 2529 advocans
2145 2543 2148 2546 ,

390 2554 692 2656 cracoviensis,
735 2551 954 2658 Salomon,
997 2541 1214 2642 Gozv'inus
1250 2559 1366 2640 cives
1399 2559 1709 2652 masovienses.
1761 2559 1924 2647 Datum
1945 2585 2060 2646 anno

395 2671 552 2756 domini
571 2669 648 2757 Mt
671 2665 782 2763 00⁰.
804 2669 907 2758 LX⁰
925 2675 1076 2782 primo.
1134 2715 1136 2720 ·
1467 2777 1470 2782 Ι
1801 2693 1806 2702 ’
1866 2731 1874 2742 .

1099 2991 1329 3112 xxxix.
1369 2893 1406 3096 ·n
1547 2987 1550 2992 ’
1591 2895 1593 2900 v

762 3310 764 3320 ,
863 3213 1393 3340 &acceiae-1262
1420 3235 1587 3300 anno.
1667 3223 1671 3231 '

411 3411 685 3486 Beteslans
704 3410 938 3484 l’urttcns
960 3415 1029 3486 hux
1049 3416 1219 3490 narona
1238 3415 1524 3505 conmutationem,
1546 3368 2039 3507 pertractassemus

405 3543 410 3553 ·
428 3533 497 3588 tuln
511 3514 685 3592 tentatus
698 3513 853 3605 ruallus
867 3515 909 3586 (lt
920 3517 1059 3606 Karpou
1082 3518 1220 3588 iamt
1233 3517 1402 3590 emt&
1436 3515 1515 3590 llam
1528 3519 1714 3594 multllm
1727 3521 1762 3592 ln
1772 3519 1847 3592 llll!
1861 3520 2019 3606 Staniatks'

976 3619 1064 3693 varia
1083 3618 1241 3710 pavitante
1257 3619 1401 3692 conectit
1416 3622 1469 3703 (¹).

493 3803 545 3886 ln
565 3805 734 3888 nomine
757 3803 915 3889 domini
937 3836 1075 3890 amen.
1110 3803 1321 3908 Quoniam
1346 3835 1396 3889 ea
1418 3835 1502 3917 que
1524 3807 1681 3919 scripto
1703 3798 2056 3892 commendantur
2145 3911 2149 3918 Ι
2180 3821 2184 3826 ’

390 3931 597 4033 perpetuo
618 3924 662 4004 in
682 3926 884 4009 memoria
918 3929 1162 4009 retinentur.
1213 3925 1396 4010 Proinde
1431 3923 1522 4008 Nos
1557 3921 1777 4008 Boleslaus
1809 3923 1876 4004 dei
1909 3927 2057 4042 gracia

388 4041 489 4123 Dux
511 4038 718 4124 Oracouie
742 4050 786 4122 et
806 4039 1069 4128 Sandomirie
1106 4052 1253 4127 notum
1289 4042 1469 4125 facimus
1490 4041 1700 4124 uniuersis
1720 4038 1992 4150 presentibus
2016 4054 2062 4127 ct
2117 4119 2121 4129 .

319 4199 322 4204 ·
389 4155 541 4242 firturis
563 4159 899 4271 hanc'paginam
919 4161 1173 4272 inspecturis
1196 4161 1312 4273 quod
1335 4159 1391 4241 ad
1411 4153 1666 4269 peticionem
1695 4160 1828 4268 nostri
1846 4159 2058 4244 karissimi

398 4363 403 4374 ’
495 4379 536 4471 (¹)
546 4391 576 4458 Ε
586 4389 698 4458 tabula
708 4413 910 4490 pergamena
920 4393 1113 4461 monasterii
1127 4389 1367 4473 Staniatcensis
1381 4391 1519 4476 propria
1530 4389 1710 4475 descripsit
1722 4388 2059 4458 doctissslawir'rslri.

390 4473 559 4556 Reliquiae
585 4486 711 4542 tantum
727 4476 828 4562 sigilli
844 4485 920 4562 sunt
935 4477 1099 4562 ejusmodi
1113 4475 1208 4559 quale
1223 4475 1267 4540 ad
1281 4480 1400 4540 annum
1417 4475 1501 4542 1254
1516 4475 1771 4559 descripsimus.
1789 4474 1944 4542 Funisuli
1958 4475 2058 4542 serici

391 4555 524 4626 viridas
549 4559 587 4625 In
603 4560 781 4634 Tabulsrio
798 4557 905 4646 Regni
917 4559 1052 4645 publico
1068 4569 1186 4634 nactus
1201 4569 1253 4625 est
1268 4558 1406 4626 doctiss.
1417 4558 1648 4631 Muczkowski
1662 4557 1945 4640 confirmationem
1956 4559 2058 4646 hujus
2097 4613 2103 4628 .

390 4641 511 4730 privile
535 4641 559 4707 ii
580 4638 827 4729 aSigisrnundo
843 4641 949 4730 primo
961 4645 1054 4732 Rege
1068 4643 1188 4710 factam
1211 4641 1381 4728 (Metrylra
1394 4641 1592 4710 volarat
1610 4645 1650 4710 48
1673 4652 1707 4708 et
1727 4641 1792 4710 vol.
1810 4645 1862 4726 98,
1878 4647 2004 4732 pag-84
2024 4655 2060 4708 et

392 4727 502 4812 seqq.)
561 4730 704 4795 ariantes
718 4726 881 4798 lectiones
897 4729 932 4797 in
947 4727 1142 4830 apographo
1154 4725 1392 4797 Muczlrowscii
1406 4729 1592 4796 invenimus
1608 4727 1783 4814 nonnullas
1799 4727 1859 4796 sed
1874 4727 1970 4813 parvi
1983 4749 2056 4792 mo-

390 4811 493 4880 menti
508 4822 542 4886 ct
555 4821 682 4880 tantum
697 4811 738 4880 ad
754 4811 1026 4902 orthographiam
1041 4823 1241 4901 spectantes.
1264 4810 1375 4902 Vidua
1389 4835 1420 4878 v.
1432 4837 1469 4903 g.
1482 4812 1661 4894 Clementis
1678 4811 1850 4908 castehani
1863 4812 1898 4880 iu
1912 4833 2057 4899 apograz
