4890 5924
916 687 1369 846 staua-'p

324 969 475 1046 causa,
510 931 799 1048 benignitate,
836 941 964 1046 prout
1000 929 1198 1047 dignitati
1233 939 1376 1018 nostre
1400 929 1600 1020 convenit
1620 935 1869 1046 diligencius
1892 937 1989 1052 (sic)

323 1066 535 1146 intuentes
573 1055 716 1140 fidelia
752 1055 932 1137 servicia
952 1063 996 1136 et
1017 1056 1234 1154 continua,
1272 1051 1375 1159 ipsis
1400 1059 1608 1134 eteorum
1639 1059 1820 1163 posteris
1843 1059 1992 1140 damus

325 1190 369 1263 et
388 1179 525 1288 tytulo
556 1181 763 1284 perpetue
795 1172 1047 1256 donacionis
1075 1169 1329 1256 conferimus
1360 1163 1537 1252 liberam
1560 1180 1602 1251 et
1621 1173 1908 1256 omnimodam
1927 1174 2017 1266 fas

326 1298 528 1380 cultatem
559 1291 724 1402 absque
758 1291 870 1372 omni
902 1299 1061 1398 gonaro
1087 1289 1315 1372 solucionis
1336 1285 1547 1394 theolonej
1568 1309 1645 1396 per
1666 1290 1895 1375 dominium
1917 1318 1993 1376 no-

314 1425 459 1498 strum
482 1409 826 1506 Sandomiriense
845 1405 1092 1514 ubicunque
1121 1405 1330 1506 locorum,
1362 1405 1480 1514 quod
1501 1405 1557 1486 ad
1577 1434 1654 1492 nos
1675 1410 1865 1518 pertinet
1878 1419 1993 1492 tran-

325 1532 475 1615 seundi
492 1557 591 1610 cum
612 1524 806 1609 curribus
838 1521 1208 1636 qualibuscunque
1244 1521 1372 1604 rebus
1411 1523 1666 1634 (oneratis?),
1703 1527 1993 1636 equitantibus

326 1645 598 1759 ot'pedestrls
621 1641 720 1757 (sic)
744 1639 1060 1724 ambulantibus
1083 1649 1214 1750 atque
1237 1638 1411 1748 navigio
1440 1668 1517 1748 per
1549 1671 1707 1752 aquam
1738 1649 1993 1728 transeunti-

324 1768 405 1851 bus
429 1793 526 1849 cum
547 1759 779 1861 mercibus,
800 1761 842 1839 in
863 1765 1119 1868 perpetuum
1150 1757 1398 1868 pacificeet
1419 1753 1583 1870 q'uiete3
1615 1759 1808 1871 Excepto
1842 1763 1994 1846 dmrta-

324 1895 421 1986 xat,
454 1882 569 1991 quod
590 1879 673 1968 alio
692 1875 905 1960 theolonia
927 1873 1037 1987 (sic),
1070 1905 1153 1984 que
1176 1875 1232 1956 ad
1254 1902 1332 1959 nos
1353 1901 1438 1958 non
1473 1879 1706 1983 pertinent,
1738 1881 1900 1965 solvere
1930 1893 1994 1964 te-

309 2002 553 2100 ¹nubuntur,
574 1996 810 2079 secundum
831 1993 1182 2082 consuetudinem
1204 1992 1259 2074 ab
1278 1991 1460 2104 antiquo
1483 1992 1768 2078 observatam.
1801 1998 1853 2080 In
1873 2002 1994 2083 cuius

325 2121 389 2202 rei
408 2115 694 2210 testimonium
727 2121 770 2194 et
792 2111 1055 2194 evidenciam
1088 2112 1317 2196 edaciorem
1347 2118 1486 2220 atque
1525 2123 1732 2221 perpetue
1752 2113 1994 2202 stabilitatis

325 2236 588 2336 firmitatem,
609 2238 850 2340 presentem
871 2229 1075 2338 paginam
1096 2229 1306 2313 conscribi
1332 2225 1508 2310 fecimus
1531 2257 1582 2311 ac
1604 2233 1736 2313 nostri
1754 2231 1883 2342 sigilli
1903 2262 1996 2316 mu·
2046 2217 2054 2234 ’

325 2355 479 2436 nimine
517 2348 778 2455 communirj.
831 2345 989 2430 Actum
1010 2347 1053 2426 in
1076 2344 1229 2430 Castro
1270 2341 1522 2428 Crao'ocr'eusz'
1548 2347 1605 2430 ab
1640 2377 1755 2433 anno
1772 2349 1996 2434 Dominice

326 2469 635 2553 incarnacionis
656 2463 713 2548 Μ.
728 2466 776 2550 Ο.
792 2459 840 2548 O.
855 2464 904 2549 Ο.
916 2465 1003 2549 XII
1007 2527 1016 2546 .
1034 2463 1078 2548 X
1097 2463 1166 2546 Kl.
1188 2463 1349 2572 Marcij.
1384 2462 1541 2548 Coram
1561 2466 1643 2574 hijs
1665 2459 1865 2570 testibus,
1888 2496 1996 2578 quo·
2127 2483 2134 2490 '

327 2591 523 2688 rum-ista
543 2593 641 2665 eunt
660 2583 842 2666 nomina:
897 2581 1052 2667 Comes
1088 2581 1289 2666 Albertus
1320 2571 1529 2689 palatinus
1554 2583 1907 2669 Sandomiriensis
1931 2585 1999 2696 (⁴),

327 2705 537 2790 Dominus
559 2700 730 2802 daroste
754 2697 810 2812 (?)
849 2699 1136 2802 Cancellarius
1175 2699 1322 2802 Ourie,
1351 2697 1515 2808 ,Oomes
1551 2701 1796 2789 Prandotha
1819 2693 1998 2787 Cancel-

328 2823 457 2906 larlus
481 2817 853 2926 Sandomiriensis,
886 2817 1041 2903 Comes
1064 2817 1335 2901 Thomislaus
1357 2815 1544 2902 Venator
1566 2818 1880 2924 Oracoviensis‚
1915 2820 1998 2905 Oo—
2044 2893 2047 2898 .

330 2967 420 3024 mes
454 2939 663 3048 Navogus
700 2933 1049 3020 Subcamerarius
1087 2933 1439 3038 Sandomiriensis
1478 2947 1521 3020 et
1545 2935 1770 3026 .daschzco
1810 2937 1999 3047 Scriptor
2102 2997 2103 3000 a

330 3059 511 3144 Domine
531 3053 734 3157 Ducisse,
772 3056 844 3166 qui
866 3054 948 3138 hoc
969 3053 1241 3164 privilegium
1272 3054 1518 3164 compilavit
1541 3065 1583 3139 et
1604 3058 1784 3178 scripsit.
1836 3057 1999 3144 Datum

213 3255 217 3268 ,
334 3185 474 3295 autem
496 3183 562 3258 est
580 3201 657 3286 per
678 3200 829 3258 manus
852 3171 1040 3256 eiusdem
1062 3172 1212 3280 notarij
1231 3171 1443 3268 dasoonis.
1482 3187 1488 3200 '
1523 3237 1526 3248 .
1615 3268 1618 3274 1
1735 3229 1775 3287 1.

340 3505 348 3514 ’
438 3507 481 3590 (⁴)
498 3505 597 3592 Apud
620 3509 850 3575 Niesieccium:
887 3511 1028 3576 Korona
1053 3507 1301 3591 Polslra,·T.l.
1338 3512 1498 3579 Albertus
1528 3511 1691 3598 palatinus
1722 3511 2000 3578 Sandomiriensis

331 3601 482 3661 mortuus
498 3599 550 3658 est
564 3615 650 3658 anno
667 3595 759 3675 1311,
776 3591 867 3677 quod
882 3593 1043 3673 videmus,
1059 3593 1166 3660 minus
1181 3604 1233 3662 est
1244 3597 1378 3680 justum.
1409 3597 1461 3686 De
1476 3595 1534 3660 illo
1549 3596 1689 3662 Alberto
1705 3594 1797 3680 legas
1814 3595 2001 3662 doctissimi

332 3677 536 3765 professoris
555 3677 696 3746 Holcelii
711 3677 752 3744 de
769 3677 973 3746 monasterio
988 3677 1249 3748 Andre'oviensi
1263 3678 1559 3764 praeclarissimam
1576 3677 1843 3746 dissertationem
1864 3701 1940 3764 pag.
1959 3680 1999 3744 47
2064 3679 2068 3685 “

334 3773 368 3830 et
383 3763 432 3828 73.
475 3759 515 3827 In
530 3784 632 3848 opere
647 3761 827 3829 Lelewelii:
866 3760 1015 3846 „Polska
1037 3699 1193 3829 irednioh
1213 3763 1372 3828 wiek6w”
1389 3764 1428 3828 Τ.
1442 3764 1499 3829 Ill.
1529 3761 1694 3830 'Albertus
1708 3761 1873 3848 palatinus
1887 3787 2000 3834 mense

333 3845 501 3998 ppoembri
526 3849 607 3912 1311
631 3847 753 3946 legitur
768 3847 800 3914 in
818 3845 945 3916 Codice
967 3847 1182 3936 diplomatico
1198 3857 1232 3916 et
1244 3847 1336 3940 legas
1353 3849 1450 3915 etiam
1466 3847 1507 3916 de
1524 3845 1579 3914 illc
1596 3841 1730 3914 codicis
1747 3848 1855 3914 nostri
1869 3848 1999 3936 priores

369 3953 451 3998 mos.
