4856 5932
1132 707 1179 726 -
1232 667 1311 754 382
1358 705 1410 726 --

443 885 683 992 gnouerunt
700 878 809 961 inter
828 871 1128 960 monasterium
1150 869 1395 958 Vitouianss
1417 880 1461 957 et
1478 869 1778 962 monasterium
1800 871 2093 987 ¹Sulojovisnse
2112 877 2114 884 ’

442 997 570 1082 fuisse
587 997 841 1082 celebratum
849 1019 925 1105 pro
942 991 1142 1106 granioiis
1154 987 1252 1107 (sio)
1267 992 1377 1076 inter
1397 993 1592 1103 predicta
1606 993 1863 1078 monasteria
1877 1021 1954 1080 seu
1969 995 2093 1104 bona,

443 1119 668 1204 eorundem
689 1113 1039 1226 monasteriorum
1060 1113 1122 1196 sio
1142 1139 1188 1196 se
1207 1110 1448 1222 incipiendo
1485 1139 1512 1196 a
1546 1118 1680 1220 ponte
1713 1111 1828 1200 dieto
1862 1101 2100 1229 vulgariter·

442 1233 628 1320 Sutimost
663 1234 859 1347 aprima
894 1231 1084 1345 granicis
1125 1233 1302 1344 antiqua
1338 1238 1382 1314 et
1417 1230 1613 1316 omnibus
1660 1233 1860 1342 granieiis
1904 1237 2094 1349 antiquis

441 1359 580 1465 usque
603 1356 658 1441 ad
680 1351 878 1438 laaoruaoz
898 1349 955 1466 (i)
984 1360 1026 1436 et
1054 1377 1082 1434 a
1109 1351 1310 1461 predictis
1342 1349 1537 1435 omnibus
1559 1349 1758 1462 graniaiis
1778 1379 1856 1462 per
1873 1381 1951 1439 sex
1963 1355 2095 1466 juge-

437 1499 485 1563 ra
505 1476 682 1564 Borram
704 1473 832 1558 debet
858 1473 1043 1582 recipere
1069 1467 1367 1556 aMonasterio
1381 1469 1663 1556 Suleiouiensi
1693 1477 1790 1556 et...
1827 1473 1927 1558 addi
1964 1475 2096 1561 debet
2195 1499 2198 1505 ‘

437 1597 693 1686 Monasterio
713 1591 950 1677 Vitouiensi
975 1589 1172 1701 vltraque
1195 1619 1222 1674 a
1243 1585 1442 1674 laucanecr
1472 1585 1529 1703 (i)
1559 1588 1747 1674 admissa
1768 1591 1918 1678 eodem
1937 1592 2094 1709 Regali

316 1761 319 1766 ·
436 1719 638 1809 mandato
657 1713 851 1798 feserunt
871 1711 1078 1826 graniciss
1098 1737 1238 1818 usque
1270 1707 1326 1810 ad
1345 1709 1480 1819 ripam
1509 1708 1691 1795 fluminis
1722 1707 1877 1796 boroso
1911 1713 2093 1800 eircum-

438 1837 578 1928 eundo
616 1835 754 1922 omnia
788 1839 912 1942 prata
945 1831 1188 1916 monasterii
1206 1825 1463 1914 Vitouiensis
1500 1855 1527 1910 a
1557 1827 1746 1942 graniaie
1775 1853 1860 1938 que
1881 1831 2091 1920 locabitur

439 1961 552 2046 eirea
573 1953 727 2040 lucroso
759 1950 1059 2036 monesterium
1090 1947 1334 2034 Vitouiense
1364 1945 1493 2031 debet
1522 1948 1740 2060 possidere
1775 1949 1924 2036 ambas
1943 1955 2088 2068 rippas
2159 1939 2162 1946 ⁴

438 2077 616 2193 predicti
645 2072 761 2158 fluuii
791 2066 943 2154 lucrosa
973 2065 1057 2170 Qui
1091 2068 1246 2154 fluuius
1275 2067 1457 2152 fluctuat
1475 2095 1551 2152 seu
1572 2067 1703 2152 currit
1721 2069 1778 2153 ad
1796 2072 2089 2182 supradictum

436 2207 608 2312 pontem
616 2189 847 2303 vulgariter
856 2187 1052 2276 Sutimost.
1061 2183 1543 2298 Insupermonasterium
1553 2185 1838 2273 Seleiouiense
1848 2189 2088 2307 (sia)agra·

437 2317 547 2405 nioie
567 2341 651 2427 que
670 2311 832 2396 locatur
853 2309 966 2390 eirea
988 2303 1141 2392 luczczo
1169 2304 1298 2389 debet
1327 2315 1471 2390 tenere
1494 2306 1643 2391 ambas
1670 2308 1813 2419 rippas
1843 2309 1960 2393 fluuii
1981 2313 2083 2396 dieti

439 2433 593 2522 tarraza
620 2427 704 2530 Qui
724 2429 817 2512 fluit
838 2427 893 2510 ad
912 2426 1087 2511 fluuium
1119 2426 1278 2510 dietum
1307 2422 1445 2510 Pilosa
1474 2451 1560 2510 non
1590 2427 1807 2541 tangendo
1843 2439 1967 2538 prata
1995 2458 2087 2518 mo·

437 2553 609 2640 nasterii
629 2547 885 2635 Vitouionsis
908 2547 1090 2658 antiqwa
1114 2573 1219 2630 exea
1238 2541 1336 2658 (sie)
1357 2546 1542 2654 partein
1563 2575 1650 2657 qua
1679 2545 1914 2655 predictum
1941 2575 2088 2636 mona-

438 2673 610 2762 sterium
631 2666 877 2754 Vitouiense
897 2667 1011 2748 iacet
1030 2673 1073 2746 et
1092 2666 1256 2778 antiqui
1284 2661 1436 2748 limites
1466 2665 1661 2754 renouari
1692 2665 1849 2749 debent
1867 2667 1978 2754 inter
1997 2697 2088 2756 mo·
2238 2779 2240 2782 Ι

439 2791 669 2880 nestorium
678 2784 921 2871 Vitouiense
937 2792 981 2868 ot
999 2785 1108 2868 inter
1128 2780 1327 2897 Praepiow
1344 2781 1399 2896 (³)
1416 2809 1443 2868 a
1462 2782 1592 2868 fluuio
1612 2784 1825 2870 inhoando
1850 2780 2087 2898 Coprzr'wur'e

440 2939 522 3000 oro·
537 2910 651 2994 dioto
671 2903 840 2991 fluendo
863 2903 918 2987 ad
939 2911 1109 3015 pontem
1147 2903 1305 2986 dietum
1339 2897 1678 3014 Preplowslu'nrost
1715 2899 1799 3005 Qui
1832 2929 1940 3014 pons
1975 2909 2088 2994 iaaet

364 3109 366 3114 .
436 3059 513 3148 per
534 3027 682 3113 ambos
704 3023 854 3111 fluuios
875 3023 1086 3134 predictos
1107 3023 1340 3130 eodemque
1364 3017 1507 3108 Gades
1523 3047 1599 3104 seu
1614 3021 1767 3108 limites
1792 3022 1950 3108 debent
1964 3034 2086 3112 tena-

435 3154 472 3238 ri
491 3157 534 3235 et
553 3143 849 3232 inuiolabiliter
865 3140 1396 3256 opseruari(sio)perpetue
1407 3148 1451 3222 et
1462 3142 1819 3248 enitemuherum
1830 3153 1974 3228 nostra
1990 3149 2085 3256 qui·

435 3269 519 3356 bus
539 3265 679 3379 sigilla
697 3271 797 3348 sunt
816 3289 1009 3373 appensa
1030 3260 1290 3346 Testimonio
1310 3259 1533 3344 literarum.
1573 3259 1732 3346 Actum
1753 3271 1796 3346 et
1816 3263 1962 3347 datum
1981 3261 2087 3352 feria
2156 3304 2158 3308 ·
2258 3251 2261 3261 ⁸

436 3387 624 3474 seeundo
643 3383 833 3495 proxima
851 3389 950 3491 post
968 3379 1122 3465 festum
1152 3381 1396 3464 Natiuitatis
1426 3377 1586 3464 Christi
1606 3408 1716 3467 anno
1739 3381 1897 3467 domini
1917 3381 2084 3470 Millesi-v

435 3537 505 3596 mo
528 3502 682 3594 0000
701 3503 902 3587 vicesimo
922 3501 1056 3610 primo
1076 3499 1346 3586 Prssentibus
1368 3500 1547 3582 strenuis
1571 3497 1862 3608 Swaptboslao
1885 3501 2087 3588 Subiudi-
2205 3525 2209 3534 ·

437 3655 487 3713 oe
510 3623 739 3713 Siradiensi
775 3619 965 3731 Sbigneo
1002 3621 1054 3702 do
1089 3619 1330 3705 Altomonte
1358 3617 1609 3706 ·Oastellano
1632 3621 1899 3732 Rosperiensi
1921 3622 1977 3736 (⁴)
1997 3625 2084 3710 No-

434 3745 676 3852 bilibusque
693 3737 726 3826 J
726 3741 891 3825 ohanne
913 3741 966 3822 da
986 3737 1213 3824 Belobutow
1231 3739 1286 3854 (ὅ)
1308 3747 1351 3821 et
1372 3737 1570 3851 Zegotha
1600 3740 1652 3824 de
1686 3738 1870 3824 Sobucow
1997 3742 2083 3829 Oa-

435 3864 622 3952 merariis
644 3859 867 3947 Oristkone
890 3859 942 3943 de
964 3857 1156 3944 Mototicz
1177 3857 1386 3946 Stanislao
1423 3860 1476 3942 de
1506 3855 1684 3973 Kobr‘lluj
1703 3858 1927 3946 heredibus
1955 3860 2082 3946 Aliis·

435 4013 520 4102 que
542 3983 655 4066 eirea
673 3981 880 4090 premissa
901 4005 1031 4115 quam
1051 3977 1243 4087 pluribus
1262 3978 1503 4090 fidedignis.
1962 4045 1965 4052 .

458 4271 465 4288 ·
539 4183 578 4266 (³)
604 4177 761 4270 Przaplow
777 4176 854 4242 villa
875 4177 909 4241 in
922 4176 1029 4244 media
1055 4177 1111 4244 via
1132 4177 1321 4244 Petrieovia
1350 4176 1561 4264 Sulejoviam
1579 4177 1620 4246 ab
1634 4178 1685 4246 bis
1702 4179 1836 4247 urbibus
1858 4203 1923 4247 uno
1944 4181 2082 4250 millario

435 4271 578 4436 (immid.)
602 4349 766 4440 Sbigneus
797 4345 918 4430 (bank)
939 4303 984 4412 'da
1015 4347 1215 4425 Altomonte¹
1246 4346 1399 4436 polonice
1436 4347 1629 4435 Zbipnisuz
1667 4299 1822 4452 Wysokidj
1848 4349 1930 4442 Θόη
1952 4351 2100 4424 dieitur..

435 4439 640 4509 castellanus
648 4431 875 4524 Rosperiensis
879 4433 947 4517 jam
956 4433 1139 4510 1412anno,
1149 4434 1234 4500 conf.
1243 4456 1327 4521 opus
1334 4431 1576 4533 Gojebiowsoii
1590 4433 1629 4502 de
1640 4437 1772 4523 regrbus
1781 4433 1936 4504 Poloniae
1946 4437 2082 4505 bithus·

434 4525 528 4596 nicae
543 4523 654 4610 stirpis
667 4521 690 4588 l.
702 4545 733 4588 e.
755 4519 794 4586 T.
809 4517 836 4596 1,
852 4541 926 4618 pag.
943 4520 1014 4594 522,
1038 4530 1071 4584 et
1092 4517 1320 4585 deductionem
1330 4521 1451 4604 jurium
1466 4520 1624 4588 Austriae
1641 4521 1684 4587 ad
1698 4521 1888 4608 provincias
1910 4522 2081 4609 Poloniae,

435 4609 491 4678 ubi
506 4601 539 4675 in
549 4607 721 4696 privilegio
737 4613 828 4672 certo
845 4603 1008 4690 Sbrgneus
1023 4601 1153 4692 legitur.
1176 4603 1254 4684 Alii,
1267 4603 1404 4692 insignis
1420 4603 1545 4684 Leliano,
1568 4605 1623 4671 alii
1637 4605 1776 4695 insignis
1808 4605 1964 4698 Oqodczyk
1991 4608 2081 4689 dicti,

430 4688 784 4878 mum-ddisffididlddltdrb,
799 4775 954 4865 oppidum
970 4773 1226 4844 Petricoviensis
1241 4775 1396 4862 regionis,
1404 4777 1438 4842 in
1455 4773 1634 4846 Siradiensi
1647 4775 1735 4856 olim,
1744 4797 1830 4843 nune
1843 4777 1877 4842 in
1890 4773 2077 4848 Calissiensi

431 4883 613 4956 provrnora.
