4856 5932
1081 689 1356 768 -373-

395 888 552 975 tuatim
572 897 616 974 et
635 887 863 976 conditoris
883 889 1016 982 nostri
1051 889 1322 974 clemenciam
1342 915 1418 1000 pro
1439 889 1560 976 nobis
1583 897 1627 972 et
1645 889 2041 999 praedecessoribus

394 1009 548 1095 nostris
569 1008 762 1120 RegIbus
777 1008 979 1094 Poloniae
1013 1009 1256 1119 suppliciter
1278 1007 1468 1112 exorare,
1503 1008 1612 1119 Ipsis
1649 1019 1692 1092 et
1727 1037 1867 1094 eorum
1896 1021 2042 1096 mona-

395 1131 521 1218 sterio
544 1137 587 1212 et
606 1121 839 1212 conventus
861 1127 1001 1212 villam
1021 1140 1210 1213 nostram.
1231 1121 1337 1218 Calie
1359 1126 1412 1242 (²)
1433 1131 1476 1211 in
1497 1139 1607 1212 terra
1624 1127 1895 1214 Oracoviensi
1916 1139 1959 1213 et
1980 1132 2043 1215 di-

395 1250 546 1336 strictu
564 1245 841 1356 Krzepicensi
862 1246 917 1359 (³)
940 1248 1076 1353 sitam,
1107 1276 1203 1330 cum
1226 1245 1419 1331 omnibus
1439 1249 1569 1356 ipsius
1591 1247 1872 1357 pertinentiis,
1900 1246 2045 1334 fructi·

393 1368 489 1473 bus,
510 1367 775 1470 utilitatibus,
795 1363 1005 1468 censibus,
1024 1365 1313 1478 proventibus,
1333 1367 1548 1472 reditibus,
1569 1369 1695 1479 agris,
1714 1367 1860 1476 pratis,
1882 1371 2042 1478 campis
2070 1405 2073 1412 ·

401 1500 480 1574 etc.
501 1513 684 1571 necnon
706 1515 802 1569 cum
833 1485 1052 1596 appendiis
1083 1499 1127 1568 et
1156 1485 1406 1570 coherentiis
1440 1487 1569 1596 ipsius
1605 1486 1822 1588 universis,
1855 1495 1983 1595 prout
2001 1488 2044 1570 in

263 1701 265 1706 ,
395 1610 482 1694 suis
503 1607 638 1708 metis,
660 1603 940 1717 graniciebus,
979 1602 1107 1718 longe
1127 1603 1300 1717 lateque
1321 1604 1755 1690 circumferencialiter
1777 1613 1842 1687 est
1859 1604 2040 1690 limitata

399 1741 442 1814 et
461 1727 662 1810 distincta
698 1725 749 1808 de
785 1725 940 1808 innata
959 1723 1197 1808 celsitudini
1231 1717 1598 1834 nostroe'pietate,
1633 1724 1836 1828 bonitate,
1873 1752 1924 1807 ac
1960 1726 2044 1809 cle-

397 1846 556 1934 mentia
576 1854 619 1930 et
638 1842 925 1928 munificentia
945 1841 1117 1954 speciali
1139 1843 1301 1946 damus,
1339 1842 1556 1948 donamus,
1586 1842 1868 1954 adiungimus,
1908 1843 2045 1929 incor·
2191 1859 2194 1864 ’

394 1992 607 2080 potamus,
629 1963 947 2074 appropriamus
979 1972 1022 2046 et
1043 1961 1306 2047 annectimus
1326 1971 1528 2071 perpetue
1551 1961 1656 2044 etin
1679 1989 1815 2067 evum,
1846 1969 1921 2074 per
1954 1991 2046 2048 eos·
2075 2027 2078 2035 2

257 2102 259 2106 ’
398 2085 496 2170 dem
516 2081 665 2168 frames
687 2081 927 2191 monasterij
952 2089 994 2164 et
1011 2081 1257 2166 Conventus
1277 2081 1485 2190 praedicti
1518 2079 1755 2184 tenendam,
1790 2079 2045 2190 habendam,

394 2201 677 2289 utifruendam
700 2211 742 2284 et
759 2197 939 2312 pacifice
981 2198 1277 2310 possidendam
1306 2199 1564 2310 temporibus
1599 2207 1800 2312 perpetue
1823 2199 2044 2288 duraturis.

394 2323 470 2410 Illo
490 2331 634 2406 tamen
656 2320 801 2404 addito
823 2318 1059 2430 specialiter
1080 2325 1123 2400 et
1142 2345 1352 2426 expresso,
1388 2320 1504 2432 quod
1539 2315 1688 2402 fratres
1708 2317 1916 2430 praedicti
1938 2345 2046 2428 qua·-

371 2441 499 2527 libet
520 2442 598 2548 die,
621 2438 828 2553 quamdiu
846 2437 1147 2522 monasterium
1181 2439 1367 2546 ipsorum
1402 2437 1665 2548 praedictum
1699 2437 1929 2548 perstiterit
1965 2465 2043 2548 pro

293 2587 297 2596 ·
394 2560 518 2647 nobis
540 2561 775 2645 etdomina
793 2555 919 2641 Anna
939 2555 1107 2668 Regina
1137 2565 1331 2640 consorte
1365 2567 1509 2642 nostra
1546 2584 1596 2641 ac
1631 2555 1805 2642 Illustris
1834 2555 2045 2672 Hedvigis

394 2679 647 2766 recolendae
666 2679 895 2762 memoriae
918 2675 1017 2761 olim
1033 2675 1224 2786 Reginae
1240 2671 1442 2760 Poloniae
1459 2677 1664 2761 consortis
1680 2683 1849 2760 nostrae
1867 2681 1909 2758 et
1922 2703 2046 2786 praev

396 2791 664 2886 decessurum
687 2805 923 2882 nostrorum
959 2796 1129 2906 Regum
1157 2793 1357 2879 Poloniae
1381 2793 1614 2878 animarum
1634 2793 1768 2880 salute
1798 2823 1927 2878 unam
1946 2795 2047 2878 mis·
2099 2793 2103 2800 ⁴

394 2945 487 3002 sam
507 2945 604 3000 cum
627 2916 851 3002 devotione
872 2913 1018 3001 debita
1038 2943 1115 3024 per
1137 2913 1321 3028 aliquem
1342 2909 1516 2998 fratrem
1536 2914 1734 3000 idoneum
1754 2941 1961 3028 peragere
1981 2921 2046 2998 te·

393 3034 605 3120 nebuntur
628 3045 671 3120 et
690 3033 910 3146 complere.
963 3036 1119 3120 Actum
1140 3031 1325 3118 Siradr'ue
1346 3030 1450 3122 feria
1471 3034 1660 3116 secunda
1679 3041 1778 3142 post
1795 3033 2047 3119 dominicam

393 3153 539 3243 Remis
560 3155 794 3266 palmarum
829 3157 955 3240 1414.
1003 3151 1074 3237 Ad
1103 3151 1348 3238 relationem
1379 3153 1522 3238 Dunin
1543 3151 1594 3238 R.
1615 3151 1663 3236 P.
1685 3151 2044 3240 Vicecancellarii.

495 3388 537 3470 (²)
560 3385 667 3456 Hodie
680 3387 803 3478 Kaleja
819 3385 896 3451 villa
914 3387 1058 3472 regionis
1072 3385 1404 3472 Ozestochowiensis,
1420 3387 1455 3452 in
1466 3384 1633 3452 territorio
1646 3385 1860 3454 Wielunicnsi
1876 3385 2046 3474 (parochia
2195 3436 2202 3446 .

394 3472 484 3710 abl:
499 3473 709 3657 &Olmie
719 3554 761 3622 ad
772 3551 905 3623 fluvium
916 3555 1128 3634 limantem,
1143 3555 1222 3622 villa
1231 3555 1309 3624 olim
1317 3555 1460 3644 regionis
1467 3555 1692 3637 Lelowieusis,
1706 3554 1804 3621 bodie
1812 3555 1891 3622 urbs
1899 3554 2045 3641 regionis

440 3665 469 3708 re
483 3663 637 3710 umensrs.

1247 3813 1464 3904 ,Γ
