4890 5924
897 675 1305 760 .·-su.-
1381 671 1457 780 ᾧ

284 943 287 948 ,
328 876 497 992 &peis
516 882 565 960 et'
580 871 662 960 sub
683 899 795 984 pena
815 872 1009 982 synodali
1024 873 1306 984 prohibendo,
1329 871 1447 982 quod
1467 875 1649 984 amplius
1665 903 1715 963 se
1731 878 1784 964 du
1798 865 2005 994 regimina

331 1006 376 1082 ot
394 989 712 1082 emortuarum
734 998 778 1076 et
795 989 1207 1079 inhabitationum
1240 989 1399 1076 eisdem
1431 991 1671 1082 nullatenus
1703 996 2001 1106 intromittant,

329 1138 412 1198 nee
430 1112 478 1196 iu
494 1107 701 1216 Ecclesijs
722 1109 812 1192 suis
832 1109 890 1192 sd
903 1106 1055 1194 officia
1077 1107 1221 1190 diuina
1240 1107 1457 1216 predictos
1478 1109 1652 1196 colonos
1674 1111 1902 1200 admittant
1921 1141 2001 1206 neo

331 1231 393 1314 sis
415 1225 705 1312 ecclesiastica
725 1225 1112 1312 sacramantasine
1126 1225 1306 1322 licencia
1327 1233 1370 1307 at
1389 1225 1610 1310 voluntate
1637 1228 2001 1337 Nepolomicsnsis
2098 1226 2104 1236 '

332 1345 536 1437 Remotis,
561 1343 760 1446 Ecclesia
796 1341 1099 1454 quoquomodo
1135 1343 1374 1428 ministrare
1407 1353 1668 1458 presumant.
1729 1346 1780 1430 In
1797 1349 1929 1444 emus,
1943 1355 2005 1438 rai
2095 1369 2100 1381 “

315 1461 617 1570 testimonium
647 1468 697 1542 et
731 1459 996 1544 euideuciam
1037 1459 1288 1568 pleniorem,
1319 1470 1518 1550 nostrum
1558 1463 1779 1574 nostrique
1817 1465 2003 1577 Capituli
2148 1551 2158 1560 .

328 1578 468 1690 sigilla
487 1577 756 1686 presentibus
774 1585 878 1662 sunt
898 1604 1103 1686 appensa..
1164 1576 1321 1663 Actum
1345 1585 1388 1660 et
1408 1578 1554 1665 datum
1575 1574 1765 1676 Crocom'c
1783 1579 1895 1671 ΙΧΠυ
1925 1585 2004 1680 kg..

108 1725 112 1732 ¹
259 1737 264 1748 ·
329 1695 480 1780 leudes
501 1694 620 1803 dunij
638 1694 779 1780 Anno,
795 1692 1034 1784 M⁰.OOO⁰.
1053 1691 1440 1806 ¹Quinquagesimo.
1463 1681 1739 1784 Prosentibus
1759 1673 2004 1790 Honorabi·

322 1810 441 1896 libus
464 1821 507 1896 et
525 1811 749 1898 Nobilibus
770 1812 871 1897 viris
883 1812 1095 1917 dominis,
1116 1810 1277 1900 Ottone
1296 1812 1494 1926 Floriano
1516 1823 1560 1901 et
1578 1813 1748 1904 Jacobo
1768 1813 2002 1926 Syrzieono

330 1928 560 2017 Canonicis
582 1929 940 2016 Oracomensibus
959 1958 1013 2014 ac
1031 1930 1285 2040 Spythcone
1303 1929 1547 2016 Castellano
1569 1927 1742 2018 Audrsa
1763 1931 2001 2024 Subcame·

327 2049 437 2131 rario
472 2056 584 2132 terre
619 2046 929 2146 Oracouiensis.
967 2057 1012 2134 et
1045 2046 1245 2133 dohenne
1282 2048 1395 2134 dicto
1431 2047 1540 2160 dura
1560 2047 1754 2142 Palatino
1775 2049 2001 2142 Sandomi·
2131 2131 2135 2140 .
2189 2053 2194 2061 ’
2281 2083 2292 2104 ·

254 2207 257 2216 ·
327 2164 455 2250 riurei
476 2174 520 2248 et
540 2165 631 2274 alijs
652 2165 845 2274 pluribus
864 2163 1111 2279 fidedigrris.

1107 2541 1226 2656 dv.

536 2815 543 2829 ·
682 2783 1055 2894 nesporo-,n
1071 2795 1299 2900 Anemo·
1314 2793 1463 2880 135⁰
1481 2789 1648 2880 cuno.

331 2987 755 3102 casluin-usnemu
770 3029 826 3086 rex
839 3011 980 3086 Potentes
993 3013 1169 3088 urceum
1183 3013 1280 3088 om
1297 2954 1465 3104 simeoni
1481 3011 1654 3086 mutum
1669 2997 1861 3090 atauus
1875 3013 2001 3110 ejusque

447 3193 453 3203 ,
514 3113 648 3204 muris
662 3114 906 3186 annaneane
928 3114 1135 3209 educemus
1152 3117 1275 3208 ¹garrula
1290 3114 1424 3188 inuans
1437 3113 1534 3204 ipsius
1547 3113 1740 3204 munuli
1756 3117 1820 3204 θλ,

430 3319 481 3404 In
502 3320 670 3406 nomine
693 3306 851 3406 domini
873 3301 1015 3404 amenJ
1070 3322 1261 3432 Dignum
1283 3329 1349 3405 est
1368 3330 1416 3404 ut
1437 3349 1489 3406 ea
1509 3347 1596 3434 que
1623 3307 1763 3432 Regia
1798 3323 1999 3410 maiestas
2124 3373 2127 3378 ·

329 3435 386 3519 ad
406 3436 630 3522 utilitatem
651 3439 715 3520 sui
735 3438 858 3550 regni
879 3448 923 3519 et
941 3437 1252 3551 regnicolarum
1288 3459 1461 3524 suorum
1496 3437 1641 3550 facere
1662 3433 1853 3522 decrevit
1871 3437 2005 3524 robur

325 3564 533 3664 perpetue
563 3556 773 3640 firmitatis
807 3553 964 3639 debeat
999 3557 1203 3642 obtinere.
1256 3557 1394 3668 Igitur
1414 3557 1581 3665 noverit
1599 3564 1686 3638 tam
1710 3581 1882 3664 presens
1906 3565 1997 3638 ctas

327 3701 457 3783 quam
478 3671 632 3758 firtura.
696 3671 823 3774 Quod
844 3700 922 3759 nos
941 3673 1182 3758 Kazirnirus
1204 3671 1434 3783 dei'gratia
1454 3673 1548 3757 Rex
1568 3671 1763 3776 Polonia‚
1798 3700 1882 3756 nac
1913 3698 2000 3757 non

331 3817 517 3876 erratum
539 3791 768 3898 Gronovie,
791 3789 1077 3898 Sandomirie,
1100 3789 1300 3902 Sijradie,
1321 3789 1578 3894 Lanchicia,
1597 3789 1817 3898 Cuyavie,
1838 3787 1996 3875 Pomo-

155 4052 164 4060 -
189 4017 201 4038 ⁰
259 4002 264 4010 ¹
429 4027 473 4105 (¹)
495 3983 654 4094 Tabulam
670 4023 757 4094 hauc
773 4013 955 4112 descripsit
966 4023 1211 4094 illustrissimus
1228 4003 1262 4090 et
1276 4021 1489 4088 doctissimus
1503 4017 1696 4086 Alexander
1710 4017 1950 4086 Przetdziecki
1965 4029 1999 4088 et
2051 4091 2055 4098 .

328 4106 515 4176 versionem
535 4112 606 4200 ejus
616 4109 812 4258 polonicam
826 4110 861 4176 in
876 4131 990 4195 opere:
1011 4107 1226 4192 „Bibliuteka
1241 4103 1503 4186 Warszawskay
1528 4105 1623 4184 1850,
1646 4101 1685 4169 T.
1698 4101 1741 4186 II,
1756 4125 1835 4202 pag.
1848 4105 1910 4170 413
1926 4103 1998 4172 edi-

265 4221 269 4228 ·
328 4189 388 4289 dit,
402 4190 514 4291 tabula
529 4193 604 4279 ipsa
648 4194 720 4262 tine
733 4193 777 4260 sd
791 4217 885 4261 usum
901 4194 1040 4262 Codicis
1056 4192 1261 4279 diplomatici
1276 4189 1402 4258 relicta.
1425 4187 1521 4254 Alter
1536 4209 1647 4254 rernm
1660 4184 1916 4254 domesticarum
1930 4207 1999 4257 non

204 4344 207 4354 ,
327 4295 464 4361 ignarus
477 4297 539 4361 vir,
554 4278 675 4346 author
704 4279 817 4363 operis
845 4277 1007 4364 polonici:
1036 4277 1256 4362 „Gdrnictwo
1275 4298 1304 4340 w
1316 4273 1457 4340 Polsee”
1479 4271 1706 4359 Hieronymus
1719 4271 1870 4353 Zabecki
1885 4271 1926 4339 de
1942 4267 1999 4338 illa

326 4357 439 4424 tabida
467 4369 572 4428 totam
599 4363 869 4430 dissertationem
897 4363 1036 4448 scripsit
1050 4372 1084 4430 et
1094 4361 1181 4448 juris
1211 4358 1337 4452 publici
1351 4380 1423 4424 eam
1437 4357 1519 4424 fecit
1533 4357 1632 4424 etiam
1646 4355 1668 4420 l.
1683 4377 1713 4424 c.
1729 4356 1764 4422 in
1785 4352 1999 4434 „Biblioteka

326 4440 628 4532 warascum
674 4448 873 4516 .415-418.
909 4447 1062 4530 habecki
1087 4453 1209 4525 narrat,
1232 4441 1374 4508 tabulam
1389 4450 1537 4508 nostram
1552 4439 1816 4522 antiquissimum
1832 4460 1906 4506 esse
1925 4464 1997 4508 mo·

325 4537 515 4596 omentum
538 4532 575 4614 ju
596 4532 623 4598 's
679 4531 804 4602 olouici
818 4532 978 4600 montani.
1015 4530 1236 4614 Archetypon
1266 4527 1396 4593 tabulae
1418 4534 1608 4594 asservatur
1621 4525 1656 4590 iu
1670 4521 1807 4590 archivo
1823 4523 1917 4594 urbis
1932 4525 1996 4594 Za·

326 4611 405 4678 slew
420 4612 512 4686 dicto
528 4614 563 4679 in
626 4617 755 4706 olliyaia
770 4617 889 4683 ducum
902 4615 1175 4702 Sanguszlrorum
1190 4612 1339 4697 proprio.
1363 4609 1399 4676 Si
1425 4609 1514 4676 illum
1524 4605 1828 4695 jamdesidaratur.

386 4777 393 4794 ι
429 4697 482 4764 De
496 4696 669 4788 spumam
683 4700 864 4770 castellano
880 4702 971 4768 conf.
986 4699 1105 4768 multus
1145 4696 1320 4772 reamissas
1334 4635 1465 4794 instillas
1480 4694 1521 4760 ed
1545 4693 1597 4792 lit
1612 4689 1765 4766 LXXXI
1780 4689 1996 4792 etLXXXY

324 4787 414 4864 lypls
425 4782 494 4867 jam
510 4793 663 4854 matema
679 4794 713 4854 et
727 4787 926 4872 praecipuae
949 4783 1080 4854 tabulae
1129 4779 1207 4850 om
1229 4788 1476 4850 annotationem
1490 4787 1633 4849 umam.
1662 4779 1714 4848 Ex
1729 4775 1910 4848 castellano
1926 4775 1997 4842 Wr·
2116 4821 2125 4862 .·
