4856 5932
955 794 958 802 Ι
1066 709 1438 798 -409,-’

379 881 475 1005 dom
495 917 779 1032 prouidentur.
811 915 922 1000 Item
943 915 1185 1000 ordinamus
1220 871 1335 1026 duod
1356 915 1573 1026 predictus
1606 917 1846 1028 prepositus
1871 879 2037 1002 ¹habeat

378 1065 532 1124 secum-
554 1039 660 1122 duos
695 1034 949 1148 presbiteros
980 1036 1045 1118 sui
1076 1035 1232 1121 ordinis
1256 1061 1336 1146 pro
1359 1033 1503 1120 diuino
1525 1031 1665 1120 officio
1686 1037 1729 1120 in
1752 1035 2036 1122 dictoMona-

378 1159 503 1244 sterio
526 1153 792 1272 adimplendo
815 1163 858 1244 et
878 1155 987 1242 vltra
1006 1155 1110 1240 istos
1142 1155 1247 1240 duos
1269 1152 1525 1268 presbiteros
1546 1155 1657 1239 idem
1679 1157 1919 1266 propositus
1940 1165 2036 1240 tan-

377 1287 467 1361 turn
490 1274 654 1363 duobus
687 1273 957 1360 familiaribus
973 1301 1062 1385 ,pro
1094 1275 1270 1360 seruicio
1307 1299 1383 1356 suo
1416 1274 1666 1382 necessarijs
1698 1277 1759 1356 sit
1781 1274 2033 1360 Contentus.
2124 1285 2128 1295 '

376 1396 485 1480 Item
507 1395 749 1480 ordinamus
771 1395 888 1508 quod
907 1391 1057 1478 Mensa
1076 1393 1280 1506 prepositi
1310 1392 1641 1502 presbiterorum
1677 1403 1720 1476 et
1750 1397 2034 1502 procuratoris

293 1555 298 1562 ·
377 1515 433 1600 sit
452 1515 642 1600 comunis
664 1511 953 1616 Quantitatem
974 1540 1074 1597 vero
1095 1512 1250 1596 familia
1271 1512 1554 1622 procuratoris
1591 1513 1770 1622 predicti
1800 1515 2035 1597 secundum

379 1635 494 1743 quod
518 1635 714 1745 expedire
735 1633 945 1718 videbitur
965 1631 1198 1716 Abbatissa
1226 1659 1323 1716 cum
1354 1633 1568 1742 preposito
1601 1642 1644 1714 et
1665 1630 1888 1717 Sororibus
1910 1641 2034 1744 pote·

378 1764 534 1838 statem
554 1753 744 1838 habeant
763 1753 969 1837 moderari
989 1751 1057 1836 Ita
1077 1761 1220 1833 tamen
1253 1752 1368 1862 quod
1401 1781 1427 1834 a
1456 1751 1583 1835 modo
1619 1752 1796 1861 predicti
1832 1755 2035 1864 prepositi

377 1875 640 1984 prepositure
661 1881 704 1954 et
724 1871 812 1954 eius
836 1871 1058 1955 eleccionis
1080 1871 1303 1955 occasione
1323 1898 1410 1954 vna
1430 1895 1528 1980 pars
1550 1871 1722 1955 alteram
1744 1881 1910 1982 partem
1928 1897 2043 1980 quo-·

380 1993 612 2101 quomodo
634 1991 830 2075 decetero
850 1991 1054 2101 impedire
1084 2017 1239 2074 vexare
1267 1988 1515 2098 perturbare
1537 1990 1605 2073 vel
1627 1991 1729 2074 alias
1752 1993 2033 2100 quouismcdo

377 2105 600 2195 molestare
622 2111 780 2192 directe
800 2109 869 2194 vel
886 2110 1090 2192 indirecta
1111 2137 1196 2192 non
1215 2119 1433 2218 presumat
1453 2111 1528 2192 sed
1548 2114 1800 2220 perpetuum
1817 2111 2052 2196 silencium¹

377 2228 534 2313 babere
558 2227 715 2314 debent
734 2229 962 2312 occasione
982 2228 1221 2311 huiusmodi
1244 2251 1399 2311 cause.⁴
1431 2227 1782 2312 Declaraeionem
1810 2255 1911 2313 vero
1930 2231 2037 2313 limi-

377 2349 602 2433 tacionem.
625 2349 948 2432 correccionem.
966 2355 1009 2429 et
1023 2349 1420 2457 interpretacionem
1441 2347 1680 2432 huiusmodi
1696 2356 1838 2430 nostre
1855 2346 2037 2432 Senten-

380 2470 442 2550 cio
465 2480 507 2549 at
528 2469 713 2551 omnium
734 2469 1033 2579 premissorum
1054 2469 1216 2552 tociens
1248 2469 1452 2577 quociens
1481 2468 1711 2576 expedierit
1745 2466 1869 2551 nobis
1900 2469 2037 2580 impo-

331 2587 333 2597 ’
378 2597 538 2670 sterum
556 2613 833 2671 reseruemus.
852 2585 934 2671 Oui
951 2580 1121 2694 quidem
1142 2596 1285 2672 nostre
1306 2585 1547 2680 huiusmodi
1562 2587 1934 2697 pronuncciacioni
1956 2584 2036 2671 dif-

378 2705 566 2790 finicioni
597 2706 877 2790 declaracioni
909 2705 1132 2788 concordie
1169 2707 1382 2790 amicabili
1420 2707 1722 2816 composicioni
1760 2733 1811 2788 ac
1848 2705 2034 2792 arbitrali

378 2827 591 2909 sentencie
613 2825 802 2938 predicte
823 2831 964 2935 partes
984 2824 1029 2905 in
1049 2824 1162 2908 nullo
1185 2825 1537 2911 contradicentes.
1560 2827 1652 2910 siue
1669 2827 2036 2928 contrauenientes

380 2955 682 3030 consenserunt
701 2955 745 3028 et
764 2973 859 3027 eam
880 2943 1226 3053 approbauerunt
1255 2953 1299 3028 et
1320 2943 1669 3054 emclogauerunt
1688 2973 1765 3056 per
1778 2972 2033 3054 expressum

377 3063 429 3148 In
450 3067 569 3148 cuius
589 3065 651 3148 rei
670 3065 958 3148 testimonium
979 3071 1197 3174 presentes
1213 3073 1378 3150 nostras
1402 3061 1625 3147 Sentencie
1642 3066 2035 3172 pronuncciacionis

326 3187 339 3200 '
379 3183 701 3292 composicionis
723 3213 774 3266 ac
797 3183 1076 3269 ordinacionis
1107 3181 1346 3268 huiusmodi
1367 3183 1511 3266 literas
1533 3185 1609 3293 per
1629 3182 1854 3267 Martinam
1875 3184 2036 3268 Mathie

380 3304 435 3388 de
457 3301 655 3413 Socroyna
677 3303 887 3389 Oloricum
923 3311 1065 3386 nostre
1086 3301 1282 3410 dyocesis
1302 3303 1517 3413 publicum
1540 3301 1759 3413 ‘Imperiali
1780 3305 2036 3389 auctoritate

379 3423 600 3509 Notarium
622 3433 665 3506 et
685 3423 788 3506 facti
804 3415 1050 3506 huiusmodi
1071 3445 1215 3505 coram
1235 3424 1357 3510 nobis
1389 3421 1572 3504 scribam
1600 3421 1913 3532 infrascriptum
1935 3424 2037 3510 sub·

380 3542 508 3627 scribi
528 3552 573 3626 et
591 3541 800 3652 publicari
818 3543 1036 3652 nostrique
1058 3545 1325 3657 appensione
1339 3541 1476 3653 Sigilli
1494 3541 1692 3626 iussimus
1709 3545 1913 3626 comuniri
1927 3543 2038 3629 Acta

378 3673 479 3746 sunt
498 3661 577 3743 hec
600 3661 723 3747 Anno
747 3659 902 3744 domini
922 3659 1145 3746 Millesimo
1182 3658 1611 3771 Quadringentesimo
1641 3659 1876 3747 Tricesimo
1903 3665 2036 3772 primo

379 3781 620 3866 Indiccione
642 3809 756 3866 nona
775 3779 1054 3865 Pontificatus
1088 3777 1352 3890 Sanctissimi
1382 3783 1426 3862 in
1458 3779 1625 3867 Christo
1661 3779 1794 3890 patris
1817 3791 1860 3863 et
1880 3783 2036 3867 domini

380 3899 512 3985 nostri
534 3899 691 3983 domini
710 3900 901 4011 Eugenij⁴
918 3901 1063 3982 diuina
1082 3901 1358 4010 prouidencia
1372 3929 1486 4012 papo
1503 3895 1653 3999 Quarti
1668 3899 1792 3984 Anno
1813 3901 1946 4010 primo
1968 3903 2036 3986 die

379 4047 481 4104 vero
505 4016 676 4103 Saturni
696 4020 897 4102 vicesima
919 4028 1074 4102 octaua
1096 4022 1252 4108 Mensis
1275 4021 1509 4103 decembris
1535 4019 1648 4124 horis
1669 4021 1948 4130 completorijs
1968 4021 2038 4106 vel

380 4139 506 4253 quasi
533 4140 577 4220 in
599 4136 722 4222 domo
744 4135 1322 4223 habitacionisdiscretorum
1340 4137 1528 4222 Gunradi
1544 4139 1742 4223 Altariste
1765 4149 1808 4222 et
1827 4138 2037 4227 ‘iohannis

381 4255 599 4369 Zydowka
620 4256 718 4373 (sic)
741 4284 792 4340 ac
816 4255 1012 4338 dominici
1031 4255 1281 4340 vicariorum
1313 4259 1613 4368 perpetuorum
1646 4258 1839 4344 Ecclesie
1877 4258 2038 4346 Gathe-

381 4379 506 4463 dralis
528 4377 823 4464 Oracouiensis
845 4374 928 4457 sita
947 4376 989 4458 in
1013 4373 1164 4460 Castro
1188 4374 1755 4462 OracouiensiPresentibus
1771 4378 1929 4462 ibidem
1944 4379 2037 4466 Ho-

381 4497 557 4582 norabili
579 4495 879 4614 (sic)Strenuis
899 4495 1123 4581 Nobilibus
1145 4523 1196 4578 ac
1217 4498 1404 4608 procidis
1435 4497 1611 4583 Nicolao
1633 4499 1818 4586 Rectore
1844 4497 2035 4582 Ecclesia

382 4617 632 4730 parochialis
673 4619 717 4700 in
738 4633 872 4728 parua
892 4617 1027 4701 chrz
1051 4611 1106 4729 (²)
1141 4615 1276 4702 Paulo
1310 4619 1361 4700 de
1393 4613 1731 4730 Bopumylcwicre
1761 4615 1930 4720 dudica
1967 4614 2034 4702 Si·

384 4737 608 4849 gismundo
646 4739 698 4823 de
720 4737 888 4821 Boboua
918 4734 1148 4821 Subiudice
1179 4736 1538 4823 Cracouiensibus
1574 4735 1785 4823 Hankone
1822 4735 1874 4818 de
1909 4732 2036 4820 Cbelm

456 4903 459 4914 '
488 4901 534 4984 (il
549 4901 643 4985 Xiqa.
