4930 5922
1091 707 1435 840 -ιιιέ

397 997 448 1053 ac
468 967 649 1080 posteris
671 967 715 1047 in
737 963 887 1046 eadem
921 963 1021 1049 villa
1052 964 1305 1048 conferimus
1345 961 1602 1049 Sculteciam
1637 963 1744 1049 Jure
1779 961 2065 1056 haereditario

397 1096 605 1198 perpetuo
642 1082 944 1192 possidendam
967 1093 1010 1165 et
1032 1091 1200 1166 sextum
1219 1109 1415 1164 mansum
1436 1082 1614 1167 liberum
1624 1086 1888 1190 ,tabernam
1910 1089 2066 1189 macel-

394 1205 481 1288 lum
504 1199 750 1286 carnificum
775 1207 817 1281 et
839 1199 945 1281 duas
967 1225 1157 1302 mensas,
1180 1227 1309 1280 unam
1330 1200 1581 1309 panificum,
1607 1210 1649 1283 et
1671 1201 1793 1287 aliam
1816 1204 2065 1313 calcipario-

379 1350 490 1413 rum
503 1313 614 1432 (sic),
634 1317 703 1400 De
725 1314 883 1424 Judicij
887 1343 907 1397 s
928 1335 1029 1401 vero
1052 1317 1221 1399 tertium
1244 1317 1473 1422 denarium,
1492 1318 1578 1402 Sed
1593 1347 1669 1432 pro
1686 1317 1900 1404 nobist
1826 1350 1882 1404 au
1883 1323 2067 1406 teodem
2164 1315 2167 1322 ⁴

397 1437 563 1522 Oomite
600 1433 807 1518 Virbenta
829 1435 881 1516 de
906 1434 1063 1517 eisdem
1102 1433 1208 1517 duos
1244 1445 1524 1540 reservantes,
1545 1437 1597 1519 In
1620 1434 1768 1520 eadem
1805 1447 1880 1521 aut
1882 1468 1948 1521 em
1970 1431 2072 1521 villa

359 1661 361 1668 Ι
397 1555 619 1664 specialis
615 1554 788 1636 nuntius
809 1560 989 1635 nostert
991 1581 1036 1634 er
1056 1553 1098 1632 in
1117 1549 1246 1634 Anno
1269 1551 1488 1636 Judieium
1508 1545 1638 1638 faciet
1658 1563 1702 1636 et
1722 1559 1863 1640 omnia
1892 1555 2066 1638 Judioia

399 1682 442 1754 et
461 1671 668 1782 negotia
657 1699 700 1750 ιιι
723 1655 872 1754 eadem
892 1668 990 1750 villa
1011 1677 1054 1748 et
1074 1695 1220 1750 omnes
1245 1669 1413 1750 Causae
1436 1699 1615 1778 semper.
1633 1674 1870 1754 secundum
1888 1700 2067 1757 consue-

396 1789 587 1870 tudinem
623 1784 654 1870 J
658 1813 742 1867 uns
778 1771 1046 1902 Ειιιιοοιιιοι
1065 1786 1340 1984 disponentur
1362 1796 1405 1866 et
1424 1786 1774 1890 terminabuntur,
1798 1797 1840 1868 et
1860 1817 1896 1869 ιι
1884 1789 2067 1900 aliquis

399 1905 539 1992 Casus
562 1904 705 2013 gravis
729 1911 771 1984 et
792 1905 971 1984 enormis
997 1903 1227 2006 emerserit
1243 1911 1345 1984 tunc
1369 1881 1456 1986 ιιι
1445 1927 1585 2012 1psum
1606 1907 1918 1988 terminandum
1940 1916 1983 1986 et
2005 1905 2068 1986 di-

330 2093 334 2101 .
399 2010 667 2108 scutiendum
688 2017 932 2132 Specialem
951 2021 1146 2102 nuntium
1167 2029 1358 2102 nostrum
1382 2021 1624 2132 dirigemus,
1644 2022 1713 2104 vel
1733 2049 1768 2102 ιι
1756 2021 1836 2104 de
1855 2021 2068 2134 aliquibus

398 2129 578 2225 Juribus'
599 2137 723 2220 huius
744 2137 868 2220 villae
892 2137 1133 2220 dubitatum
1153 2135 1297 2242 fuerit,
1336 2137 1581 2222 adubitant
1563 2140 1677 2227 tibus
1699 2139 1773 2221 ad
1777 2136 1858 2218 Jus
1879 2138 2069 2222 Franco·
2117 2123 2171 2215 Ϊ··’
2242 2089 2282 2120 '⁰

398 2261 541 2356 uicum
576 2265 826 2338 recurretur.
890 2251 1174 2359 Volumust
1132 2263 1174 2338 et
1210 2199 1415 2338 sentimus
1458 2257 1576 2366 quod
1613 2257 1750 2338 dictus
1774 2253 1895 2340 Scult
1878 2263 1989 2338 tetus
2027 2260 2101 2334 et·

323 2374 367 2394 ”
401 2401 545 2460 omnes
582 2371 723 2455 villani
760 2371 848 2454 eius
887 2369 941 2456 a'b
979 2375 1091 2455 omni
1133 2371 1503 2472 Jurisdictioneet
1486 2381 1733 2510 tpotestate
1766 2373 1997 2458 Castaliam
2028 2375 2071 2452 e

387 2491 581 2577 'Palatni
604 2486 900 2575 Oracovicnsis
918 2496 963 2571 et
975 2489 1215 2598 dudicum
1203 2517 1388 2600 ipsorum
1408 2499 1451 2572 et
1467 2493 1652 2606 omnium
1673 2491 1850 2574 aliorum
1866 2471 2071 2572 Judicum

401 2618 608 2721 perpetuo
644 2607 767 2690 liberi
803 2610 887 2688 sint
910 2615 951 2688 et
973 2593 1176 2717 exempti,
1208 2617 1251 2689 et
1272 2609 1389 2720 quod
1418 2635 1494 2718 per
1507 2599 1793 2695 Camerarios
1830 2607 1951 2689 citari
1986 2631 2072 2688 non
2117 2599 2122 2608 ’

403 2727 601 2829 debeant,
622 2725 700 2806 sed
720 2753 797 2833 per
816 2725 1001 2808 litteram
1023 2725 1177 2809 annulo
1199 2735 1342 2809 nostro
1363 2726 1593 2836 sigillatam
1623 2735 1805 2830 tantum,
1826 2733 1869 2806 et
1889 2751 1964 2836 per
1986 2724 2071 2807 Oa·
2178 2764 2182 2772 ·

399 2845 626 2929 mererium
646 2851 963 2950 praesentatam
973 2843 1040 2942 ‚ad
1060 2845 1346 2954 praesentiam
1366 2854 1555 2926 nostram
1575 2873 1662 2927 non
1679 2845 1798 2930 aliter
1814 2843 2070 2952 citabuntur,

315 2999 318 3004 ·
402 2963 508 3046 etin
528 2963 772 3070 praesentia
791 2969 937 3044 nostra
956 2987 1040 3044 non
1063 2961 1182 3044 aliter
1201 2961 1282 3042 nisi
1304 2987 1380 3042 suo
1402 2958 1507 3044 Jure
1530 2961 1798 3045 Theutonieo
1819 2959 2073 3044 iudieabun-

402 3089 482 3183 tur,
507 3079 795 3168 Concedimus
831 3081 1003 3190 insuper
1041 3079 1176 3162 eidem
1213 3077 1404 3164 Sculteto
1428 3089 1472 3160 et
1489 3077 1666 3184 villanis,
1687 3079 1804 3191 quod
1824 3081 1883 3162 eis
1905 3103 2073 3185 semper

401 3200 529 3282 liceat
550 3225 648 3278 cum
669 3195 935 3308 quibuslibet
954 3195 1165 3280 mercibus
1186 3195 1364 3280 transire
1380 3225 1456 3306 per
1470 3207 1696 3308 utramque
1727 3207 1882 3279 terram
1898 3195 2073 3306 'absque

403 3317 517 3400 omni
538 3315 744 3398 solutione
781 3314 1018 3426 thelonijet
1001 3315 1272 3398 t.exactione
1326 3313 1482 3398 Utt
1408 3325 1482 3398 aut
1484 3346 1550 3398 em
1570 3315 1679 3399 haec
1699 3315 1900 3398 universa
1922 3323 1965 3397 et
1985 3313 2072 3394 sin·
2231 3329 2236 3348 '

402 3433 505 3544 gula
525 3431 653 3515 robur
671 3441 905 3547 perpetuae
927 3434 1167 3518 obtinerent
1187 3432 1397 3516 firmitatis
1414 3437 1496 3515 et
1484 3464 1527 3516 ιιι
1549 3443 1665 3516 statu
1686 3460 1852 3542 semper
1871 3430 2072 3514 incolumi
2211 3427 2229 3452 '⁴

400 3547 695 3688 perdurarent,
715 3560 984 3662 praesentem
1007 3551 1044 3636 ei
1064 3553 1270 3662 paginam
1289 3553 1333 3634 in
1353 3553 1644 3635 testimonium
1666 3561 1709 3632 et
1727 3564 1956 3686 perennem
1983 3565 2073 3626 me·
2071 3613 2078 3620 .

400 3669 579 3753 moriam
602 3670 812 3780 superbis
833 3667 1011 3752 fecimus
1032 3665 1304 3752 coneer1b1
1261 3698 1283 3748 e
1287 3669 1451 3763 tnostri
1473 3667 1608 3778 sigilli
1624 3669 1852 3752 munimine
1868 3661 2071 3746 roborari.

402 3787 516 3870 Acta
537 3794 637 3867 sunt
619 3788 763 3870 thaec
795 3785 919 3871 Anno
950 3787 1123 3872 Domini
1143 3785 1199 3868 M.
1224 3785 1312 3870 OO.
1334 3785 1473 3870 LXX.
1497 3783 1570 3869 VI.
1623 3784 1858 3868 Indictione
1897 3777 2033 3878 Quart
2034 3809 2072 3882 a,

396 3905 572 4015 ,spaera
594 3903 744 3990 Tertia
766 3903 1031 3990 Concurrent
1013 3915 1054 3988 te
1079 3905 1196 3988 'Fert
1167 3913 1238 3987 t1.o
1288 3900 1590 3988 Praesentibus
1612 3903 1677 3984 his
1700 3929 1882 4014 quorum
1901 3899 2074 3984 nomina

405 4033 503 4106 sunt
523 4023 616 4104 ista:
650 4017 806 4107 Comes
830 4023 937 4105 Vars
961 4024 1230 4109 Oastellanus
1254 4023 1570 4124 Oracoviensis,
1594 4019 1749 4104 Comes
1769 4019 1965 4125 Neustup
1988 4018 2074 4099 Pa-

401 4141 557 4226 latinus
595 4139 911 4245 Oraeoviensis,
948 4142 1104 4229 Oomes
1142 4140 1358 4252 Sbigneus
1396 4139 1539 4224 Judex
1571 4137 1886 4240 Oraooviensis,
1918 4133 2080 4232 Comes·
2141 4195 2143 4200 .

406 4253 636 4342 Okreslaus
658 4259 846 4356 Venator
869 4257 1234 4362 Sandomiriensis,
1257 4257 1412 4343 (lomes
1433 4255 1628 4345 loannes
1651 4255 1960 4342 Thesaurarius
1982 4251 2075 4334 Du·

404 4378 563 4481 eissae,
598 4377 806 4461 Dominus
842 4376 1032 4464 Joannes
1071 4381 1208 4462 dictus
1242 4377 1416 4460 Troiani
1452 4376 1611 4460 Rector
1630 4375 1851 4457 Ecclesiae
1873 4372 1925 4452 de
1949 4365 2072 4478 Gory,

405 4523 480 4608 qur
468 4495 625 4580 huius
645 4495 827 4606 Negoeij
848 4497 928 4582 firit
910 4497 1239 4604 tordinator,et
1260 4495 1327 4606 alij
1350 4523 1478 4607 quam
1510 4496 1664 4608 plures.
1716 4491 1878 4600 Datum
1915 4487 2074 4574 Oraco-

405 4617 501 4732 viae
521 4610 587 4698 III
608 4613 711 4700 Idus
732 4615 845 4726 May.
1166 4655 1168 4660 ·
1798 4661 1801 4668 ·

497 5011 575 5054 Τοιιι
588 5013 626 5062 ιιι,
721 4987 731 5086 ζ
