4930 5922
1021 678 1378 766 *elil-'

1050 1049 1054 1060 u

1086 1115 1245 1234 lxix.

627 1369 998 1455 mnne-14
1015 1369 1340 1454 Novemurtr
1356 1367 1505 1457 lm
1524 1385 1690 1454 um.

323 1586 635 1678 venceslaus
651 1603 707 1658 nx
721 1585 1019 1673 nehemiae,
1043 1588 1210 1662 θειωνίιο
1225 1531 1258 1661 et
1273 1583 1480 1662 mioniae
1495 1585 1560 1658 ux
1572 1585 1605 1658 tr
1617 1585 1726 1676 oppido
1746 1585 1898 1660 didani
1911 1587 1991 1680 upr-

385 1687 436 1760 νὴ
458 1687 630 1778 mnudi!
652 1687 817 1760 transiture
838 1691 872 1761 ut
887 1689 1278 1872 tepmitioie'atplprplipn
1299 1687 1381 1780 quot
1401 1688 1573 1780 ruminor
1594 1687 1782 1782 pulcrius·
1801 1690 1930 1764 mur

440 1913 710 1998 (rrmsumpem
725 1934 753 1978 a
771 1913 1397 2006 1504vledislaiiugieu0nidis1iegis
1411 1914 1603 2004 nurgum
1619 1925 1653 1982 et
1667 1917 1873 2002 notemus).
2053 1871 2057 1880 ⁸

425 2115 682 2202 Wladislaus
705 2117 774 2201 dei
794 2119 943 2230 gracia
961 2119 1200 2233 Hungarie,
1221 2119 1437 2225 Bohemie,
1452 2117 1687 2224 Dalmacie,
1704 2119 1885 2204 Oroacie
1907 2131 1987 2206 eto.
2093 2112 2118 2202 ’.

320 2233 424 2340 Rex,
432 2233 621 2318 Marchio
642 2233 845 2339 Morauie,
856 2235 1090 2322 duxalesie
1114 2249 1157 2324 et
1174 2236 1542 2349 lucemburgensis
1559 2263 1609 2318 ac
1625 2235 1814 2321 Marchio
1830 2237 1989 2323 luaacia

322 2361 402 2435 etc.
434 2351 505 2437 Ad
524 2359 777 2462 perpetuam
796 2353 857 2434 rei
871 2357 1130 2441 memoriam.
1161 2357 1320 2440 Notum
1340 2355 1521 2438 facimus
1537 2361 1688 2436 tenore
1708 2355 1988 2462 presencium,
2053 2380 2064 2402 ·

320 2469 476 2580 quibus
499 2469 672 2577 expedit
691 2470 915 2574 universis,
938 2473 1055 2582 quod
1086 2473 1304 2558 constituti
1323 2476 1367 2556 in
1386 2471 1609 2582 presencia
1643 2480 1789 2553 nostra
1810 2473 1990 2556 circum·

319 2587 457 2694 specti
480 2587 596 2668 ciues
618 2585 804 2670 ciuitatis
825 2588 992 2700 oppaur‘e
1014 2589 1160 2674 fideles
1182 2590 1305 2675 nobis
1324 2591 1476 2694 dilecti,
1502 2587 1717 2698 Majestati
1732 2587 1989 2674 nostre‘lite·

424 2845 468 2926 (¹)
490 2841 703 2929 Privilegium
720 2869 761 2912 ex
778 2845 956 2914 Tabulario
971 2848 1106 2934 publico
1127 2849 1236 2950 Regni
1257 2847 1367 2930 (Meti.
1384 2848 1425 2912 23
1440 2848 1462 2914 f.
1476 2847 1532 2928 51)
1561 2831 1843 2913 aMuczlroirscio
1859 2845 1987 2912 descri-

213 2927 222 2949 ‘
315 2927 431 3014 ptum·
455 2927 669 3014 Privilegium
684 2928 748 2996 hoc
765 2929 969 2998 aVladislao
984 2933 1051 3002 filio
1068 2932 1221 3001 Casimiri
1239 2931 1459 3020 Jagessonidie
1475 2953 1553 3017 rege
1567 2931 1758 3017 Hungariae
1781 2939 1989 3015 renovatum,

316 3033 345 3076 a
360 3013 443 3078 1504
458 3011 635 3078 confirmat
649 3015 747 3080 etiam
763 3016 994 3104 Sigismundus
1009 3019 1134 3102 primus
1149 3041 1209 3084 rex
1225 3019 1350 3086 electus
1361 3018 1431 3100 jam
1444 3013 1617 3096 Poloniae,
1627 3025 1782 3098 tanquam
1801 3015 1879 3080 Dux
1895 3014 1987 3100 Opa-

316 3097 398 3180 riae,
414 3097 450 3162 id
465 3109 518 3163 est
531 3095 661 3162 litteras
676 3097 797 3163 civium
824 3100 1059 3186 Opaviensium
1086 3125 1124 3168 su
1150 3126 1186 3167 er
1203 3100 1444 3189 depositorium
1465 3098 1622 3164 marcium
1648 3122 1709 3184 per
1731 3099 1867 3164 fratrem
1894 3121 1987 3165 suum

314 3179 504 3268 Hungariae
521 3189 555 3246 et
569 3179 749 3278 liohcmiae
765 3183 892 3274 Regem
908 3187 956 3252 ais
971 3185 1103 3251 noviter
1117 3129 1221 3253 datas.
1257 3183 1550 3255 confirmationem
1575 3181 1781 3270 sigismundi
1798 3181 1862 3248 huc
1876 3183 1984 3251 inan·

314 3266 486 3332 notatione
504 3274 597 3351 typis
612 3286 795 3351 exaramus,
813 3291 895 3352 quae
912 3269 1067 3354 sequitur.
1480 3273 1485 3283 '

420 3347 515 3415 150⁷.
538 3347 768 3434 Sigismundus
785 3352 839 3420 dei
853 3356 968 3442 gracia
983 3355 1054 3420 Rex
1068 3353 1220 3438 Polonie,
1235 3356 1293 3422 Ma
1340 3373 1379 3420 us
1395 3350 1465 3418 dux
1475 3349 1984 3436 Lythwanie,Russie,Prussie·
2093 3371 2101 3388 ·

314 3453 378 3518 que
395 3431 548 3498 dominus
564 3439 598 3495 et
611 3431 727 3517 heres,
754 3459 815 3502 neo
832 3460 899 3504 non
915 3439 948 3503 in
965 3437 1235 3537 Slesiacppocie
1248 3449 1282 3506 et
1336 3436 1437 3521 ajoris
1460 3434 1604 3522 Glopouie
1618 3443 1682 3499 etc.
1705 3434 1782 3500 dux.
1808 3435 1982 3531 Significa-

312 3537 385 3582 mus
400 3525 519 3582 tenore
532 3517 735 3601 presentium
750 3520 868 3602 quibus
883 3523 1018 3606 expedit
1033 3525 1208 3606 uniuersis,
1225 3525 1302 3605 quia
1317 3544 1379 3608 pro
1396 3527 1490 3604 parte
1514 3519 1831 3616 circumspectorum
1862 3517 1984 3582 ciuium
2085 3551 2089 3558 ·

313 3599 463 3666 ciuitatis
477 3609 592 3665 nostre
607 3606 743 3688 opponit
761 3603 968 3670 subditorum
984 3604 1127 3670 fidelium
1142 3607 1338 3672 dilectorum
1363 3612 1553 3668 nostrorum
1568 3609 1692 3685 peticio
1708 3599 1770 3664 fuit
1785 3598 1883 3665 nobis
1898 3621 1981 3684 por·

313 3693 415 3767 recta,
432 3693 471 3748 ut
485 3683 598 3749 literas
623 3687 852 3775 infrascriptae
879 3711 982 3776 super
1008 3689 1156 3774 generali
1180 3689 1323 3754 transitu
1337 3697 1371 3752 et
1387 3683 1604 3768 deposicione
1626 3683 1783 3748 mercium
1799 3691 1833 3747 et
1847 3683 1981 3749 aliarum

311 3789 418 3834 rerum
435 3790 496 3854 per
511 3776 744 3836 antecessores
759 3782 895 3839 nostros
910 3773 993 3859 ipsis
1010 3771 1139 3838 ciuibus
1156 3769 1414 3857 oppauiensibus
1429 3787 1607 3832 concessas
1622 3765 1796 3846 ratificare,
1809 3767 1980 3851 innouare,

311 3855 499 3938 approbdre
515 3863 549 3918 et
564 3853 759 3920 confirmare
775 3857 992 3944 dignaremur.
1028 3855 1173 3938 Quarum
1188 3853 1320 3940 quidem
1334 3854 1503 3920 literarum
1519 3850 1667 3934 sequitur
1680 3859 1791 3916 tenori
1815 3850 1892 3935 (Hie
1905 3855 1980 3943 pri·

309 3937 450 4026 vilegium
472 3935 631 4004 Vladislci
645 3943 729 4022 repis
745 3941 929 4028 Hesperiae
945 3943 1026 4028 quod
1039 3945 1165 4028 supra).
1192 4011 1202 4022 ⁴
1290 4004 1294 4012 ,
1334 3979 1335 3984 1
1802 3980 1809 3990 ·
2075 3947 2083 3959 ‘

414 4023 483 4088 Nos
519 4021 629 4102 itaque
659 4021 891 4108 Sigismundus
920 4047 979 4092 rex
1010 4024 1149 4090 Polonie
1179 4033 1240 4092 etc.
1265 4033 1299 4089 et
1321 4024 1459 4112 oppauie
1483 4018 1549 4084 dux
1572 4017 1778 4085 subditorum
1807 4019 1978 4104 predicto·

311 4125 381 4168 rum
409 4111 599 4170 nostrorum
627 4107 878 4190 oppaviansium
903 4108 1061 4194 precibus
1087 4117 1285 4191 annuentes,
1307 4115 1341 4172 et
1361 4127 1430 4170 non
1454 4105 1562 4170 minus
1578 4123 1693 4184 eorum
1709 4103 1850 4169 seruicia
1871 4101 1980 4168 fidelia

310 4189 532 4270 attendentes,
560 4189 680 4273 quibus
694 4212 732 4256 se
747 4190 845 4258 nobis
869 4195 961 4258 ciues
985 4192 1130 4278 predicti
1155 4191 1404 4258 commendatos
1433 4189 1660 4264 reddiderunt,
1688 4187 1772 4272 ipsis
1796 4181 1848 4252 dd
1863 4194 1981 4252 nostra

308 4281 403 4336 certa
431 4272 575 4337 sciencia
600 4282 698 4358 atque
723 4274 846 4341 virtute
880 4285 914 4342 et
942 4275 1157 4363 benignitate,
1185 4275 1446 4357 auctoritateque
1472 4271 1658 4360 Majestatis
1685 4280 1799 4336 nostre
1825 4270 1917 4356 regie
1944 4279 1978 4346 et

266 4419 269 4426 ,
309 4351 418 4454 ducali
431 4359 568 4444 opponis
581 4355 695 4422 literas
710 4359 915 4444 preinsertas
930 4359 1020 4425 velut
1030 4363 1137 4444 justas
1153 4367 1187 4426 et
1202 4360 1355 4428 efficaces
1370 4359 1404 4422 in
1420 4351 1570 4422 omnibus
1586 4377 1697 4419 earum
1712 4353 1879 4436 clausulis,
1895 4354 1976 4419 arti·

308 4437 393 4504 ouhs
409 4446 443 4503 et
457 4439 589 4524 punctis
604 4442 776 4526 innouarc,
791 4443 977 4529 approbare
994 4454 1028 4510 et
1042 4444 1206 4510 rutilianis
1221 4443 1440 4524 decreuimus,
1456 4449 1557 4526 prout
1570 4441 1777 4517 innommus,
1808 4459 1828 4502 a
1850 4435 1975 4523 proba·

306 4544 379 4590 mus
395 4531 429 4588 et
444 4523 647 4592 ratificamus
663 4525 881 4594 decernentes
897 4551 952 4595 eas
969 4528 1077 4595 valere
1117 4537 1391 4614 erpetuo,tenore
1405 4523 1614 4610 presencium
1630 4520 1803 4588 mediante.
1882 4523 1975 4606 cujus

306 4605 356 4670 rei
370 4607 597 4672 testimonium
613 4618 676 4674 etc.
714 4611 836 4678 Datum
863 4611 1009 4680 Crueouic
1033 4552 1179 4679 satiato
1205 4621 1281 4678 ante
1310 4609 1507 4678 dominicam
1524 4605 1714 4692 palmarum,
1741 4625 1827 4671 anno
1851 4604 1974 4672 domini

304 4689 479 4755 millesimo
495 4691 763 4778 quingentesimo
779 4696 932 4781 septimo.
1070 4716 1074 4725 ·

280 4799 282 4804 ·
407 4771 582 4842 lohannes
598 4773 638 4844 de
654 4777 767 4846 Laelio
782 4779 977 4866 prepositus
991 4780 1228 4865 poznaniensis
1242 4787 1277 4848 et
1289 4779 1329 4848 R
1343 4779 1382 4847 P.
1397 4771 1623 4846 cancellarius
1638 4770 1847 4859 subscripsit

140 4870 149 4892 ⁸
397 4872 476 4916 ἲοιυ
490 4873 530 4916 iu.
1723 4876 1764 4941 21
