4952 5926
1209 1065 1273 1178 ΙΙΙ.

912 1299 1236 1392 cracowtae,
1262 1297 1414 1384 mano
1439 1243 1590 1388 ms.

349 1599 357 1608 .
414 1517 526 1586 Rex
547 1503 825 1618 Boleslaus
849 1513 951 1587 lictus
980 1516 1192 1606 anomty
1207 1521 1241 1590 ot
1255 1519 1413 1676 opiscopus
1436 1519 1640 1592 cracoviensis
1657 1518 1821 1620 nulum,
1846 1522 1938 1595 villas
1953 1525 1986 1595 et
1999 1522 2076 1598 tecl-

475 1619 545 1674 nu
558 1605 745 1674 monnone
761 1599 917 1672 tumul
932 1597 1057 1671 eun
1082 1601 1251 1674 terineth
1268 1619 1343 1676 ven
1379 1603 1497 1693 mnu
1509 1603 1632 1694 logum
1644 1619 1746 1676 cnm
1760 1606 1837 1678 nec
1851 1607 2020 1682 commit

518 1802 793 1918 ...opacent
807 1803 935 1916 'quod
954 1801 1047 1890 Rex
1067 1805 1289 1892 Bolezlans
1312 1835 1409 1890 cum
1438 1809 1530 1895 foro
1554 1817 1597 1891 et
1615 1807 1815 1912 taberna,
1830 1817 1872 1892 et
1893 1815 2076 1895 transitu
2090 1797 2175 1878 sl

355 2031 359 2040 Ι
412 1926 553 2009 nauali
575 1937 618 2008 et
637 1933 739 2008 voto
762 1921 987 2006 duodecim
1008 1953 1247 2007 marcarum
1279 1924 1455 2036 singidis
1489 1929 1612 2016 omlis,
1632 1935 1674 2020 et
1696 1917 1862 2010 duabus
1884 1929 2074 2013 tabernis

409 2047 455 2126 in
474 2041 604 2136 Wislo
619 2040 795 2124 ecclesie
809 2040 1026 2124 Tinciensi
1042 2045 1219 2126 contulit
1240 2071 1339 2126 cum
1354 2044 1596 2128 hominibus
1617 2043 1723 2148 Rae,
1746 2045 1916 2151 Ohrust,
1937 2047 2077 2131 Brun·
2187 2085 2193 2096 =

383 2169 472 2260 co,
495 2160 656 2244 Duran.
697 2159 862 2242 Harum
892 2158 1304 2258 villarumadecimas
1337 2171 1381 2244 et
1401 2163 1587 2254 omnium
1618 2191 1702 2272 que
1732 2163 1941 2272 religiosis
1973 2167 2073 2248 liris
2214 2157 2237 2206 ⁵

415 2278 565 2362 collate
585 2287 686 2360 sunt
704 2285 864 2385 rogatu
881 2275 1015 2358 Ducis
1036 2275 1224 2362 Bolezlai
1244 2279 1461 2365 Radostus
1491 2279 1733 2390 Episcopus
1767 2279 1903 2362 cidem
1925 2281 2076 2362 Eccle-

413 2397 474 2478 sie
495 2397 684 2480 contidit.
707 2393 968 2486 Thinciense
988 2421 1090 2477 vero
1110 2395 1387 2478 olonasterium
1399 2397 1640 2481 omnimodo
1661 2396 1839 2480 liberum
1852 2423 1959 2500 esse,
1972 2426 2076 2506 apo-

414 2515 564 2600 stolica
583 2514 837 2598 auctoritate
859 2509 1137 2613 decernimus,
1158 2514 1276 2598 saluo
1296 2523 1442 2598 tamen
1462 2515 1622 2604 honore
1647 2523 1690 2596 et
1708 2517 1949 2596 reuerentia
1970 2515 2077 2600 Ora-

414 2630 624 2722 oouiensis
645 2629 838 2714 Ecclesie
859 2653 912 2710 ac
934 2629 1092 2714 domini
1112 2627 1305 2734 Redosti‚
1336 2655 1595 2743 suorumque
1627 2658 1933 2736 successorum,
1965 2633 2076 2714 scili·

414 2759 494 2832 cet.
515 2759 564 2832 ut
583 2749 719 2832 nullus
740 2747 851 2856 Dux,
871 2745 1123 2855 Episcopus,
1144 2747 1346 2854 Marohi0‚
1369 2750 1537 2854 Comes,
1558 2751 1812 2854 vicecomes,
1842 2749 1956 2832 nulle
1974 2777 2076 2858 per·

414 2893 520 2953 sona
540 2893 700 2977 magna
719 2865 790 2948 uel
807 2891 944 2972 parua
974 2863 1211 2948 Ecclesiam
1243 2866 1546 2956 Thincienscm
1566 2865 1793 2952 melestare
1812 2867 1882 2951 vel
1902 2869 1958 2950 de
1977 2895 2074 2976 pre·

414 2986 493 3094 dijs
526 2993 568 3066 et
597 2985 772 3068 decimis
803 2981 995 3070 Ecclesie
1018 2983 1177 3094 aliquid
1210 2982 1459 3068 subtrahere
1489 2987 1755 3094 presumat.†
1775 2986 1792 3096 l
1812 2982 1843 3093 )

521 3099 725 3213 Quisquis
736 3109 879 3223 eutem
888 3101 1012 3187 huius
1023 3110 1166 3186 nostre
1176 3103 1336 3212 pagine
1348 3101 1517 3186 entiterit
1528 3099 1705 3204 violator,
1730 3103 1797 3186 vel
1814 3102 1868 3184 de
1882 3099 2077 3186 Ecclesie

410 3217 917 3328 rebuscliquoconamine
929 3219 1147 3327 quidpiam
1159 3219 1297 3302 aufere
1308 3221 1755 3326 voluerit‚climinibus
1767 3213 2077 3302 sanoteEccle·

324 3327 336 3346 ⁶
413 3341 474 3422 sie
487 3349 529 3421 et
540 3339 725 3424 omnium
737 3335 921 3420 fidelium
934 3335 1268 3420 Christianorum
1280 3340 1499 3423 consorcio
1511 3349 1731 3449 seperatus
1744 3366 1795 3420 ac
1804 3337 1974 3422 viuifico
1984 3362 2078 3420 cor-

307 3554 311 3560 ,
411 3485 516 3568 pore
527 3465 572 3540 et
581 3457 788 3564 sanguine
802 3437 958 3538 domini
969 3459 1101 3538 nostri
1111 3452 1220 3536 Jesu
1233 3454 1390 3540 Obsisti
1411 3466 1677 3568 segregatus,
1689 3457 1797 3538 iram
1814 3453 2080 3561 omnipoten-
2197 3553 2205 3561 ⁸

411 3579 464 3659 tis
478 3575 546 3658 dei
559 3571 949 3656 etmcledictionem
961 3574 1126 3654 omnium
1134 3584 1356 3654 sanctornm
1368 3577 1564 3677 incurrat,
1580 3584 1623 3658 et
1633 3575 1689 3654 sit
1700 3572 1928 3656 anathema
1938 3598 2078 3652 mara·

414 3693 558 3798 nathe,
573 3703 616 3776 et
626 3720 722 3774 cum
734 3689 852 3774 dude
862 3687 1063 3774 traditore
1075 3691 1200 3772 in‘die
1210 3690 1601 3802 iudicijportionem
1611 3691 1806 3798 accipiet.
1829 3683 1914 3786 Qui
1934 3695 2079 3772 custo-

416 3803 538 3894 dierit
569 3820 613 3893 et
645 3809 713 3892 dei
746 3809 969 3890 ecclesiam
999 3835 1085 3891 non
1105 3808 1405 3912 molesteuerit,
1443 3805 1690 3900 benedictio
1721 3834 1852 3918 quam
1880 3805 2077 3913 promisit

413 3931 518 4014 deus
556 3926 827 4037 diligentibus
848 3953 907 4026 se,
925 3925 970 4006 in
990 3947 1087 4007 eum
1109 3925 1353 4032 descendat,
1384 3936 1542 4008 etcum
1573 3924 1769 4008 fidelibus
1801 3921 1994 4008 omnibus
2015 3921 2079 4003 vi·

413 4061 502 4132 tam
524 4056 710 4128 eternam
729 4045 961 4154 possideat.
983 4042 1132 4125 Amen.
1163 4043 1275 4128 Acte
1296 4053 1394 4126 sunt
1414 4044 1495 4126 hec
1514 4043 1640 4128 Anno
1661 4040 1968 4128 Incarnationis
2001 4032 2078 4121 do·-

270 4173 280 4194 ⁰
412 4169 514 4250 mini
532 4163 606 4248 M?
620 4159 765 4247 O.⁰V.⁰
786 4161 1025 4256 indictione
1046 4159 1167 4265 XIII,
1189 4170 1340 4270 epacta
1359 4159 1426 4246 ΙΙΙ
1448 4159 1539 4248 Sub
1559 4160 1760 4246 Bolezlco
1791 4157 1914 4243 Duce
1944 4153 1987 4235 in
2018 4155 2078 4236 ci·

306 4367 312 4372 .
413 4287 547 4366 uitate
568 4280 853 4386 Orccouiensi,
876 4289 1087 4362 annuente
1108 4282 1201 4388 ipso
1222 4279 1344 4362 Duce
1377 4289 1420 4361 et
1449 4277 1667 4394 Episcopo
1697 4277 1902 4378 Radosto,
1934 4299 2078 4356 coram

516 4513 559 4595 (¹)
580 4513 634 4579 Ab
656 4511 813 4578 hocloco
830 4511 912 4578 dicit
926 4511 1101 4578 cardinalis
1116 4509 1279 4598 Aegidius
1297 4510 1469 4598 „Egydius
1487 4510 1716 4578 Thusctdanns
1739 4509 1769 4574 Ε
1794 4505 1931 4590 iscopus
1960 4510 2076 4569 sancte

413 4592 725 4682 RomeneEcclesie
742 4605 776 4661 et
789 4595 914 4662 domini
928 4595 1064 4682 Kalyxti
1078 4597 1169 4681 Pepe
1183 4619 1244 4681 per
1258 4596 1484 4679 Hungericum
1500 4605 1533 4662 et
1547 4594 1742 4662 Polonicum
1764 4530 1914 4676 llegmm
1929 4583 2078 4672 legatus”

413 4703 499 4750 anno
530 4681 614 4748 1125
643 4703 711 4746 non
725 4690 834 4746 autem
850 4681 932 4746 1105
947 4681 995 4746 uti
1009 4681 1043 4746 in
1058 4679 1123 4746 hoc
1138 4680 1256 4766 privile
1281 4682 1314 4744 io
1337 4681 1366 4745 le
1392 4679 1467 4744 itur:
1493 4679 1620 4777 quade
1644 4697 1744 4742 cause
1765 4697 1845 4741 vero
1871 4667 2078 4738 enn01125?
2129 4704 2133 4710 ·

413 4767 489 4834 vide
504 4775 745 4851 transumptum
759 4763 876 4829 horum
890 4765 988 4830 trium
1003 4764 1254 4852 privilegiorum
1301 4704 1415 4830 oleslai
1431 4763 1566 4830 Pudicis
1583 4763 1669 4828 iufra
1689 4759 1731 4824 ad
1753 4781 1872 4824 annum
1888 4755 1981 4822 1275.

1941 4859 1974 4920 1?
