<?xml version="1.0" encoding="UTF-8"?>
<!DOCTYPE html PUBLIC "-//W3C//DTD XHTML 1.0 Transitional//EN"
    "http://www.w3.org/TR/xhtml1/DTD/xhtml1-transitional.dtd">
<html xmlns="http://www.w3.org/1999/xhtml" xml:lang="en" lang="en">
 <head>
  <title>
</title>
<meta http-equiv="Content-Type" content="text/html;charset=utf-8" />
  <meta name='ocr-system' content='tesseract 3.04.00' />
  <meta name='ocr-capabilities' content='ocr_page ocr_carea ocr_par ocr_line ocrx_word'/>
</head>
<body>
  <div class='ocr_page' id='page_1' title='image "./codexdiplomatic00bartgoog_0125.png"; bbox 0 0 4930 5922; ppageno 0'>
   <div class='ocr_carea' id='block_1_1' title="bbox 969 601 1499 710">
    <p class='ocr_par' dir='ltr' id='par_1_1' title="bbox 969 601 1499 710">
     <span class='ocr_line' id='line_1_1' title="bbox 969 601 1499 710; baseline -0.004 0"><span class='ocrx_word' id='word_1_1' title='bbox 969 601 1015 690; x_wconf 69' lang='lat' dir='ltr'>fl</span> <span class='ocrx_word' id='word_1_2' title='bbox 1116 637 1370 710; x_wconf 86' lang='lat' dir='ltr'><strong>-se-</strong></span> <span class='ocrx_word' id='word_1_3' title='bbox 1492 654 1499 668; x_wconf 95' lang='lat'><strong>·</strong></span> 
     </span>
    </p>
   </div>
   <div class='ocr_carea' id='block_1_2' title="bbox 844 1024 1717 1380">
    <p class='ocr_par' dir='ltr' id='par_1_2' title="bbox 844 1024 1717 1380">
     <span class='ocr_line' id='line_1_2' title="bbox 1156 1024 1601 1146; baseline -0.016 1"><span class='ocrx_word' id='word_1_4' title='bbox 1156 1024 1323 1146; x_wconf 80' lang='lat' dir='ltr'><strong>llblll.</strong></span> <span class='ocrx_word' id='word_1_5' title='bbox 1597 1133 1601 1140; x_wconf 85' lang='lat'>.</span> 
     </span>
     <span class='ocr_line' id='line_1_3' title="bbox 844 1245 1717 1380; baseline 0.014 -56"><span class='ocrx_word' id='word_1_6' title='bbox 844 1245 1413 1370; x_wconf 61' lang='lat' dir='ltr'><strong>‚Graecam-122⁰</strong></span> <span class='ocrx_word' id='word_1_7' title='bbox 1440 1267 1635 1380; x_wconf 38' lang='lat' dir='ltr'><strong>annam</strong></span> <span class='ocrx_word' id='word_1_8' title='bbox 1714 1357 1717 1364; x_wconf 14' lang='grc' dir='ltr'><strong>Δ</strong></span> 
     </span>
    </p>
   </div>
   <div class='ocr_carea' id='block_1_3' title="bbox 402 1443 2172 2300">
    <p class='ocr_par' dir='ltr' id='par_1_3' title="bbox 424 1443 2085 1738">
     <span class='ocr_line' id='line_1_4' title="bbox 425 1443 2056 1536; baseline 0.006 -10"><span class='ocrx_word' id='word_1_9' title='bbox 425 1453 700 1526; x_wconf 65' lang='lat' dir='ltr'><strong>aarum</strong></span> <span class='ocrx_word' id='word_1_10' title='bbox 721 1445 956 1521; x_wconf 69' lang='lat' dir='ltr'><strong>Peneus</strong></span> <span class='ocrx_word' id='word_1_11' title='bbox 977 1451 1046 1523; x_wconf 80' lang='lat' dir='ltr'><strong>ltu</strong></span> <span class='ocrx_word' id='word_1_12' title='bbox 1064 1443 1228 1524; x_wconf 73' lang='lat' dir='ltr'><strong>omnm</strong></span> <span class='ocrx_word' id='word_1_13' title='bbox 1249 1448 1512 1524; x_wconf 69' lang='lat' dir='ltr'><strong>struamus</strong></span> <span class='ocrx_word' id='word_1_14' title='bbox 1532 1453 1641 1528; x_wconf 72' lang='lat' dir='ltr'><strong>usur</strong></span> <span class='ocrx_word' id='word_1_15' title='bbox 1661 1453 1803 1530; x_wconf 77' lang='lat' dir='ltr'><strong>oum</strong></span> <span class='ocrx_word' id='word_1_16' title='bbox 1817 1457 1858 1530; x_wconf 73' lang='lat' dir='ltr'><strong>ar</strong></span> <span class='ocrx_word' id='word_1_17' title='bbox 1872 1455 2056 1536; x_wconf 66' lang='lat' dir='ltr'><strong>domun</strong></span> 
     </span>
     <span class='ocr_line' id='line_1_5' title="bbox 424 1549 2085 1738; baseline 0.004 -108"><span class='ocrx_word' id='word_1_18' title='bbox 424 1555 602 1632; x_wconf 69' lang='lat' dir='ltr'><strong>umeru-</strong></span> <span class='ocrx_word' id='word_1_19' title='bbox 622 1553 656 1625; x_wconf 77' lang='lat' dir='ltr'><strong>s</strong></span> <span class='ocrx_word' id='word_1_20' title='bbox 674 1551 750 1626; x_wconf 68' lang='lat' dir='ltr'><strong>ver·</strong></span> <span class='ocrx_word' id='word_1_21' title='bbox 772 1549 928 1635; x_wconf 58' lang='lat' dir='ltr'><strong>saraae</strong></span> <span class='ocrx_word' id='word_1_22' title='bbox 949 1551 1487 1738; x_wconf 46' lang='lat' dir='ltr'><strong>„flemewrda</strong></span> <span class='ocrx_word' id='word_1_23' title='bbox 1507 1553 1619 1627; x_wconf 77' lang='lat' dir='ltr'><strong>erma</strong></span> <span class='ocrx_word' id='word_1_24' title='bbox 1640 1557 1675 1628; x_wconf 75' lang='lat' dir='ltr'><strong>a</strong></span> <span class='ocrx_word' id='word_1_25' title='bbox 1691 1559 1837 1651; x_wconf 69' lang='lat' dir='ltr'><strong>uum</strong></span> <span class='ocrx_word' id='word_1_26' title='bbox 1850 1555 2085 1637; x_wconf 62' lang='lat' dir='ltr'><strong>amram·</strong></span> 
     </span>
     <span class='ocr_line' id='line_1_6' title="bbox 1203 1671 1754 1728; baseline 0.002 -32"><span class='ocrx_word' id='word_1_27' title='bbox 1203 1671 1271 1728; x_wconf 68' lang='lat' dir='ltr'>m</span> <span class='ocrx_word' id='word_1_28' title='bbox 1343 1701 1352 1718; x_wconf 63' lang='lat'>‚</span> <span class='ocrx_word' id='word_1_29' title='bbox 1751 1691 1754 1697; x_wconf 84' lang='lat'>.</span> 
     </span>
    </p>

    <p class='ocr_par' dir='ltr' id='par_1_4' title="bbox 402 1814 2172 2300">
     <span class='ocr_line' id='line_1_7' title="bbox 457 1814 2072 1947; baseline 0.006 -35"><span class='ocrx_word' id='word_1_30' title='bbox 457 1891 472 1912; x_wconf 48' lang='lat'>2</span> <span class='ocrx_word' id='word_1_31' title='bbox 508 1831 561 1939; x_wconf 87' lang='lat' dir='ltr'><strong>In</strong></span> <span class='ocrx_word' id='word_1_32' title='bbox 580 1829 748 1944; x_wconf 84' lang='lat' dir='ltr'><strong>nomine</strong></span> <span class='ocrx_word' id='word_1_33' title='bbox 771 1829 928 1912; x_wconf 91' lang='lat' dir='ltr'><strong>domini</strong></span> <span class='ocrx_word' id='word_1_34' title='bbox 948 1827 1098 1912; x_wconf 84' lang='lat' dir='ltr'><strong>Amen.</strong></span> <span class='ocrx_word' id='word_1_35' title='bbox 1152 1827 1262 1914; x_wconf 83' lang='lat' dir='ltr'><strong>Ovm</strong></span> <span class='ocrx_word' id='word_1_36' title='bbox 1281 1827 1494 1912; x_wconf 84' lang='lat' dir='ltr'><strong>mobilitas</strong></span> <span class='ocrx_word' id='word_1_37' title='bbox 1515 1833 1716 1940; x_wconf 81' lang='lat' dir='ltr'><strong>temporis</strong></span> <span class='ocrx_word' id='word_1_38' title='bbox 1738 1814 1885 1920; x_wconf 78' lang='lat' dir='ltr'><strong>&#39;secum</strong></span> <span class='ocrx_word' id='word_1_39' title='bbox 1906 1845 2072 1947; x_wconf 85' lang='lat' dir='ltr'><strong>tempo·</strong></span> 
     </span>
     <span class='ocr_line' id='line_1_8' title="bbox 403 1937 2172 2058; baseline -0.001 -21"><span class='ocrx_word' id='word_1_40' title='bbox 403 1951 510 2037; x_wconf 86' lang='lat' dir='ltr'><strong>ralia</strong></span> <span class='ocrx_word' id='word_1_41' title='bbox 525 1945 682 2032; x_wconf 85' lang='lat' dir='ltr'><strong>cuncta</strong></span> <span class='ocrx_word' id='word_1_42' title='bbox 696 1943 940 2056; x_wconf 86' lang='lat' dir='ltr'><strong>precipitat,</strong></span> <span class='ocrx_word' id='word_1_43' title='bbox 955 1973 1010 2029; x_wconf 93' lang='lat' dir='ltr'><strong>ne</strong></span> <span class='ocrx_word' id='word_1_44' title='bbox 1025 1947 1215 2030; x_wconf 88' lang='lat' dir='ltr'><strong>humana</strong></span> <span class='ocrx_word' id='word_1_45' title='bbox 1231 1957 1358 2058; x_wconf 83' lang='lat' dir='ltr'><strong>gesta</strong></span> <span class='ocrx_word' id='word_1_46' title='bbox 1373 1945 1606 2032; x_wconf 83' lang='lat' dir='ltr'><strong>mobilitate</strong></span> <span class='ocrx_word' id='word_1_47' title='bbox 1623 1953 1824 2057; x_wconf 85' lang='lat' dir='ltr'><strong>temporis</strong></span> <span class='ocrx_word' id='word_1_48' title='bbox 1842 1955 2073 2038; x_wconf 83' lang='lat' dir='ltr'><strong>amemoria</strong></span> <span class='ocrx_word' id='word_1_49' title='bbox 2106 2001 2113 2020; x_wconf 90' lang='lat'><strong>·</strong></span> <span class='ocrx_word' id='word_1_50' title='bbox 2168 1937 2172 1944; x_wconf 58' lang='grc'><strong>’</strong></span> 
     </span>
     <span class='ocr_line' id='line_1_9' title="bbox 404 2061 2077 2188; baseline 0.003 -37"><span class='ocrx_word' id='word_1_51' title='bbox 404 2066 503 2188; x_wconf 78' lang='lat' dir='ltr'><strong>(sic)</strong></span> <span class='ocrx_word' id='word_1_52' title='bbox 525 2065 741 2149; x_wconf 90' lang='lat' dir='ltr'><strong>hominum</strong></span> <span class='ocrx_word' id='word_1_53' title='bbox 762 2063 997 2149; x_wconf 80' lang='lat' dir='ltr'><strong>elabantur.</strong></span> <span class='ocrx_word' id='word_1_54' title='bbox 1020 2061 1156 2148; x_wconf 82' lang='lat' dir='ltr'><strong>solent</strong></span> <span class='ocrx_word' id='word_1_55' title='bbox 1175 2067 1332 2174; x_wconf 85' lang='lat' dir='ltr'><strong>scripto</strong></span> <span class='ocrx_word' id='word_1_56' title='bbox 1353 2065 1526 2147; x_wconf 87' lang='lat' dir='ltr'><strong>testium</strong></span> <span class='ocrx_word' id='word_1_57' title='bbox 1548 2093 1600 2148; x_wconf 87' lang='lat' dir='ltr'><strong>ac</strong></span> <span class='ocrx_word' id='word_1_58' title='bbox 1622 2069 1863 2150; x_wconf 87' lang='lat' dir='ltr'><strong>testimonio</strong></span> <span class='ocrx_word' id='word_1_59' title='bbox 1901 2071 2077 2178; x_wconf 88' lang='lat' dir='ltr'><strong>apicum&#39;</strong></span> 
     </span>
     <span class='ocr_line' id='line_1_10' title="bbox 402 2172 2076 2300; baseline -0.001 -30"><span class='ocrx_word' id='word_1_60' title='bbox 402 2183 669 2300; x_wconf 83' lang='lat' dir='ltr'><strong>perhennari.</strong></span> <span class='ocrx_word' id='word_1_61' title='bbox 721 2179 904 2266; x_wconf 81' lang='lat' dir='ltr'>Proinde</span> <span class='ocrx_word' id='word_1_62' title='bbox 939 2188 1028 2264; x_wconf 86' lang='lat' dir='ltr'><strong>tam</strong></span> <span class='ocrx_word' id='word_1_63' title='bbox 1059 2209 1234 2290; x_wconf 83' lang='lat' dir='ltr'>presens</span> <span class='ocrx_word' id='word_1_64' title='bbox 1272 2194 1362 2266; x_wconf 87' lang='lat' dir='ltr'><strong>etas</strong></span> <span class='ocrx_word' id='word_1_65' title='bbox 1399 2181 1565 2266; x_wconf 89' lang='lat' dir='ltr'><strong>nouerit</strong></span> <span class='ocrx_word' id='word_1_66' title='bbox 1595 2172 1900 2296; x_wconf 69' lang='lat' dir='ltr'><strong>quam&#39;futtua.</strong></span> <span class='ocrx_word' id='word_1_67' title='bbox 1949 2181 2076 2284; x_wconf 78' lang='lat' dir='ltr'><strong>Quod</strong></span> 
     </span>
    </p>
   </div>
   <div class='ocr_carea' id='block_1_4' title="bbox 402 2287 2163 2545">
    <p class='ocr_par' dir='ltr' id='par_1_5' title="bbox 402 2287 2163 2545">
     <span class='ocr_line' id='line_1_11' title="bbox 402 2287 2163 2410; baseline 0 -22"><span class='ocrx_word' id='word_1_68' title='bbox 402 2319 510 2390; x_wconf 78' lang='lat' dir='ltr'><strong>noa·</strong></span> <span class='ocrx_word' id='word_1_69' title='bbox 544 2296 757 2384; x_wconf 80' lang='lat' dir='ltr'><strong>Bolesloaa</strong></span> <span class='ocrx_word' id='word_1_70' title='bbox 779 2297 847 2382; x_wconf 91' lang='lat' dir='ltr'><strong>dei</strong></span> <span class='ocrx_word' id='word_1_71' title='bbox 868 2299 1008 2410; x_wconf 83' lang='lat' dir='ltr'><strong>gratia</strong></span> <span class='ocrx_word' id='word_1_72' title='bbox 1036 2297 1137 2384; x_wconf 85' lang='lat' dir='ltr'><strong>Dux</strong></span> <span class='ocrx_word' id='word_1_73' title='bbox 1169 2297 1375 2384; x_wconf 83' lang='lat' dir='ltr'><strong>Oraoouie</strong></span> <span class='ocrx_word' id='word_1_74' title='bbox 1410 2308 1454 2382; x_wconf 91' lang='lat' dir='ltr'><strong>et</strong></span> <span class='ocrx_word' id='word_1_75' title='bbox 1488 2287 1766 2385; x_wconf 82' lang='lat' dir='ltr'><strong>Sandomllie.</strong></span> <span class='ocrx_word' id='word_1_76' title='bbox 1799 2327 1874 2410; x_wconf 88' lang='lat' dir='ltr'><strong>pro</strong></span> <span class='ocrx_word' id='word_1_77' title='bbox 1914 2299 2075 2388; x_wconf 89' lang='lat' dir='ltr'><strong>honore</strong></span> <span class='ocrx_word' id='word_1_78' title='bbox 2159 2395 2163 2400; x_wconf 66' lang='grc'><strong>,</strong></span> 
     </span>
     <span class='ocr_line' id='line_1_12' title="bbox 405 2413 2072 2545; baseline -0.001 -39"><span class='ocrx_word' id='word_1_79' title='bbox 405 2419 473 2506; x_wconf 90' lang='lat' dir='ltr'><strong>dei</strong></span> <span class='ocrx_word' id='word_1_80' title='bbox 490 2447 541 2506; x_wconf 87' lang='lat' dir='ltr'><strong>ao</strong></span> <span class='ocrx_word' id='word_1_81' title='bbox 555 2417 692 2502; x_wconf 87' lang='lat' dir='ltr'><strong>Beate</strong></span> <span class='ocrx_word' id='word_1_82' title='bbox 713 2415 889 2545; x_wconf 86' lang='lat' dir='ltr'><strong>uirginis</strong></span> <span class='ocrx_word' id='word_1_83' title='bbox 910 2415 1055 2518; x_wconf 86' lang='lat' dir='ltr'><strong>Maris,</strong></span> <span class='ocrx_word' id='word_1_84' title='bbox 1068 2428 1198 2530; x_wconf 90' lang='lat' dir='ltr'><strong>atque</strong></span> <span class='ocrx_word' id='word_1_85' title='bbox 1217 2441 1293 2528; x_wconf 89' lang='lat' dir='ltr'><strong>pro</strong></span> <span class='ocrx_word' id='word_1_86' title='bbox 1315 2423 1554 2502; x_wconf 86' lang='lat' dir='ltr'><strong>nostrorum</strong></span> <span class='ocrx_word' id='word_1_87' title='bbox 1577 2413 1763 2502; x_wconf 91' lang='lat' dir='ltr'><strong>remedio</strong></span> <span class='ocrx_word' id='word_1_88' title='bbox 1783 2417 2072 2530; x_wconf 85' lang='lat' dir='ltr'><strong>peccatorum.</strong></span> 
     </span>
    </p>
   </div>
   <div class='ocr_carea' id='block_1_5' title="bbox 300 2643 2076 2966">
    <p class='ocr_par' dir='ltr' id='par_1_6' title="bbox 300 2643 2076 2966">
     <span class='ocr_line' id='line_1_13' title="bbox 507 2643 2075 2749; baseline -0.001 -33"><span class='ocrx_word' id='word_1_89' title='bbox 507 2653 552 2732; x_wconf 86' lang='lat'><strong>(¹)</strong></span> <span class='ocrx_word' id='word_1_90' title='bbox 572 2648 624 2716; x_wconf 81' lang='lat' dir='ltr'><strong>Ex</strong></span> <span class='ocrx_word' id='word_1_91' title='bbox 649 2647 833 2748; x_wconf 77' lang='lat' dir='ltr'><strong>archetypo</strong></span> <span class='ocrx_word' id='word_1_92' title='bbox 852 2644 1103 2748; x_wconf 64' lang='lat' dir='ltr'><strong>membfanaceo</strong></span> <span class='ocrx_word' id='word_1_93' title='bbox 1118 2649 1158 2713; x_wconf 84' lang='lat' dir='ltr'><strong>in</strong></span> <span class='ocrx_word' id='word_1_94' title='bbox 1167 2647 1331 2716; x_wconf 88' lang='lat' dir='ltr'><strong>tabulario</strong></span> <span class='ocrx_word' id='word_1_95' title='bbox 1357 2647 1583 2746; x_wconf 74' lang='lat' dir='ltr'><strong>Stanlatcensi</strong></span> <span class='ocrx_word' id='word_1_96' title='bbox 1607 2659 1783 2715; x_wconf 84' lang='lat' dir='ltr'><strong>asservato</strong></span> <span class='ocrx_word' id='word_1_97' title='bbox 1797 2643 1990 2749; x_wconf 28' lang='lat' dir='ltr'><strong>‘descripsit</strong></span> <span class='ocrx_word' id='word_1_98' title='bbox 2012 2647 2075 2715; x_wconf 90' lang='lat' dir='ltr'><strong>do·</strong></span> 
     </span>
     <span class='ocr_line' id='line_1_14' title="bbox 405 2732 2076 2882; baseline -0.002 -78"><span class='ocrx_word' id='word_1_99' title='bbox 405 2738 500 2805; x_wconf 84' lang='lat' dir='ltr'><strong>etlss.</strong></span> <span class='ocrx_word' id='word_1_100' title='bbox 514 2733 708 2835; x_wconf 28' lang='lat' dir='ltr'><strong>‘Slswrrieka</strong></span> <span class='ocrx_word' id='word_1_101' title='bbox 731 2733 883 2832; x_wconf 60' lang='lat' dir='ltr'><strong>Sigillum</strong></span> <span class='ocrx_word' id='word_1_102' title='bbox 892 2732 1115 2838; x_wconf 70' lang='lat' dir='ltr'><strong>desideratur,</strong></span> <span class='ocrx_word' id='word_1_103' title='bbox 1124 2753 1307 2882; x_wconf 56' lang='lat' dir='ltr'><strong>appensum</strong></span> <span class='ocrx_word' id='word_1_104' title='bbox 1321 2755 1403 2800; x_wconf 83' lang='lat' dir='ltr'><strong>vero</strong></span> <span class='ocrx_word' id='word_1_105' title='bbox 1422 2741 1492 2798; x_wconf 86' lang='lat' dir='ltr'><strong>erat</strong></span> <span class='ocrx_word' id='word_1_106' title='bbox 1502 2732 1570 2798; x_wconf 80' lang='lat' dir='ltr'><strong>lilrs</strong></span> <span class='ocrx_word' id='word_1_107' title='bbox 1585 2733 1809 2800; x_wconf 81' lang='lat' dir='ltr'><strong>sericisrebn</strong></span> <span class='ocrx_word' id='word_1_108' title='bbox 1822 2733 1960 2802; x_wconf 85' lang='lat' dir='ltr'><strong>colona.</strong></span> <span class='ocrx_word' id='word_1_109' title='bbox 1983 2732 2076 2803; x_wconf 77' lang='lat' dir='ltr'><strong>con-</strong></span> 
     </span>
     <span class='ocr_line' id='line_1_15' title="bbox 300 2815 1142 2966; baseline -0.01 -74"><span class='ocrx_word' id='word_1_110' title='bbox 300 2863 307 2872; x_wconf 90' lang='lat'>·</span> <span class='ocrx_word' id='word_1_111' title='bbox 404 2823 621 2891; x_wconf 83' lang='lat' dir='ltr'><strong>firmatronem</strong></span> <span class='ocrx_word' id='word_1_112' title='bbox 635 2817 735 2900; x_wconf 73' lang='lat' dir='ltr'><strong>hujus</strong></span> <span class='ocrx_word' id='word_1_113' title='bbox 742 2815 913 2966; x_wconf 64' lang='lat' dir='ltr'><strong>&lt;privilegia</strong></span> <span class='ocrx_word' id='word_1_114' title='bbox 939 2839 958 2882; x_wconf 83' lang='lat' dir='ltr'><strong>a</strong></span> <span class='ocrx_word' id='word_1_115' title='bbox 973 2825 1142 2915; x_wconf 66' lang='lat' dir='ltr'><strong>bigrsmun</strong></span> 
     </span>
    </p>
   </div>
   <div class='ocr_carea' id='block_1_6' title="bbox 333 2816 2173 4676">
    <p class='ocr_par' dir='ltr' id='par_1_7' title="bbox 333 2816 2173 4270">
     <span class='ocr_line' id='line_1_16' title="bbox 1166 2816 2074 2906; baseline 0.004 -24"><span class='ocrx_word' id='word_1_116' title='bbox 1166 2839 1186 2882; x_wconf 92' lang='lat' dir='ltr'><strong>o</strong></span> <span class='ocrx_word' id='word_1_117' title='bbox 1210 2819 1366 2906; x_wconf 80' lang='lat' dir='ltr'><strong>Augusto</strong></span> <span class='ocrx_word' id='word_1_118' title='bbox 1376 2819 1503 2885; x_wconf 78' lang='lat' dir='ltr'><strong>,factam</strong></span> <span class='ocrx_word' id='word_1_119' title='bbox 1517 2819 1555 2880; x_wconf 88' lang='lat' dir='ltr'><strong>l&#39;l</strong></span> <span class='ocrx_word' id='word_1_120' title='bbox 1569 2816 1719 2886; x_wconf 86' lang='lat' dir='ltr'><strong>Jannarii</strong></span> <span class='ocrx_word' id='word_1_121' title='bbox 1735 2819 1829 2902; x_wconf 72' lang='lat'><strong>156⁴,</strong></span> <span class='ocrx_word' id='word_1_122' title='bbox 1845 2819 1881 2884; x_wconf 91' lang='lat' dir='ltr'><strong>in</strong></span> <span class='ocrx_word' id='word_1_123' title='bbox 1896 2817 2074 2886; x_wconf 72' lang='lat' dir='ltr'><strong>&#39;fabulatio</strong></span> 
     </span>
     <span class='ocr_line' id='line_1_17' title="bbox 403 2898 2076 2992; baseline -0.002 -18"><span class='ocrx_word' id='word_1_124' title='bbox 403 2903 511 2992; x_wconf 80' lang='lat' dir='ltr'><strong>Regni</strong></span> <span class='ocrx_word' id='word_1_125' title='bbox 525 2907 727 2970; x_wconf 80' lang='lat' dir='ltr'><strong>asservatam</strong></span> <span class='ocrx_word' id='word_1_126' title='bbox 766 2900 923 2988; x_wconf 85' lang='lat' dir='ltr'><strong>eserrpsit</strong></span> <span class='ocrx_word' id='word_1_127' title='bbox 938 2898 1075 2968; x_wconf 77' lang='lat' dir='ltr'><strong>doctiss.</strong></span> <span class='ocrx_word' id='word_1_128' title='bbox 1091 2899 1321 2968; x_wconf 84' lang='lat' dir='ltr'><strong>Muozkowski</strong></span> <span class='ocrx_word' id='word_1_129' title='bbox 1341 2901 1444 2983; x_wconf 83' lang='lat' dir='ltr'><strong>(Matr</strong></span> <span class='ocrx_word' id='word_1_130' title='bbox 1467 2899 1504 2970; x_wconf 80' lang='lat' dir='ltr'><strong>ki</strong></span> <span class='ocrx_word' id='word_1_131' title='bbox 1517 2899 1583 2966; x_wconf 84' lang='lat' dir='ltr'><strong>vol</strong></span> <span class='ocrx_word' id='word_1_132' title='bbox 1596 2903 1649 2982; x_wconf 85' lang='grc'><strong>98,</strong></span> <span class='ocrx_word' id='word_1_133' title='bbox 1664 2925 1743 2990; x_wconf 74' lang='lat' dir='ltr'><strong>pag.</strong></span> <span class='ocrx_word' id='word_1_134' title='bbox 1755 2903 1825 2984; x_wconf 85' lang='grc'>86).</span> <span class='ocrx_word' id='word_1_135' title='bbox 1860 2903 1929 2971; x_wconf 85' lang='lat' dir='ltr'><strong>Sed</strong></span> <span class='ocrx_word' id='word_1_136' title='bbox 1943 2901 1978 2968; x_wconf 91' lang='lat' dir='ltr'><strong>in</strong></span> <span class='ocrx_word' id='word_1_137' title='bbox 1992 2924 2076 2970; x_wconf 87' lang='lat' dir='ltr'><strong>con·</strong></span> 
     </span>
     <span class='ocr_line' id='line_1_18' title="bbox 404 2925 2076 3071; baseline -0.001 -15"><span class='ocrx_word' id='word_1_138' title='bbox 404 2989 590 3056; x_wconf 81' lang='lat' dir='ltr'><strong>finnatione</strong></span> <span class='ocrx_word' id='word_1_139' title='bbox 606 2985 755 3052; x_wconf 82' lang='lat' dir='ltr'><strong>redactio</strong></span> <span class='ocrx_word' id='word_1_140' title='bbox 772 2983 836 3050; x_wconf 90' lang='lat' dir='ltr'><strong>alia</strong></span> <span class='ocrx_word' id='word_1_141' title='bbox 849 2984 1027 3071; x_wconf 77' lang='lat' dir='ltr'><strong>privilegii,</strong></span> <span class='ocrx_word' id='word_1_142' title='bbox 1042 3002 1125 3068; x_wconf 86' lang='lat' dir='ltr'><strong>quae</strong></span> <span class='ocrx_word' id='word_1_143' title='bbox 1142 2987 1302 3070; x_wconf 79' lang='lat' dir='ltr'><strong>seqnitur:</strong></span> <span class='ocrx_word' id='word_1_144' title='bbox 1320 2925 1488 3070; x_wconf 83' lang='lat' dir='ltr'><strong>„Boleslai</strong></span> <span class='ocrx_word' id='word_1_145' title='bbox 1500 2985 1606 3052; x_wconf 87' lang='lat' dir='ltr'><strong>Ducis</strong></span> <span class='ocrx_word' id='word_1_146' title='bbox 1618 2985 1865 3054; x_wconf 79' lang='lat' dir='ltr'><strong>cracoviensis.</strong></span> <span class='ocrx_word' id='word_1_147' title='bbox 1888 2987 2076 3054; x_wconf 73' lang='lat' dir='ltr'><strong>Libertatis</strong></span> 
     </span>
     <span class='ocr_line' id='line_1_19' title="bbox 400 3069 2075 3162; baseline 0 -22"><span class='ocrx_word' id='word_1_148' title='bbox 400 3069 718 3162; x_wconf 72' lang='lat' dir='ltr'><strong>sanctimonialibus</strong></span> <span class='ocrx_word' id='word_1_149' title='bbox 734 3069 861 3134; x_wconf 83' lang='lat' dir='ltr'>ordinis</span> <span class='ocrx_word' id='word_1_150' title='bbox 876 3069 910 3136; x_wconf 89' lang='lat' dir='ltr'><strong>S.</strong></span> <span class='ocrx_word' id='word_1_151' title='bbox 919 3069 1094 3136; x_wconf 87' lang='lat' dir='ltr'><strong>Benedicti</strong></span> <span class='ocrx_word' id='word_1_152' title='bbox 1109 3069 1251 3138; x_wconf 85' lang='lat' dir='ltr'><strong>Cenebii</strong></span> <span class='ocrx_word' id='word_1_153' title='bbox 1262 3072 1303 3137; x_wconf 93' lang='lat' dir='ltr'><strong>de</strong></span> <span class='ocrx_word' id='word_1_154' title='bbox 1316 3069 1721 3153; x_wconf 62' lang='lat' dir='ltr'><strong>Swniqtekflraeoviensis</strong></span> <span class='ocrx_word' id='word_1_155' title='bbox 1739 3072 1885 3143; x_wconf 86' lang='lat' dir='ltr'><strong>diocesis</strong></span> <span class='ocrx_word' id='word_1_156' title='bbox 1900 3093 2075 3154; x_wconf 66' lang='lat' dir='ltr'><strong>concessa,</strong></span> 
     </span>
     <span class='ocr_line' id='line_1_20' title="bbox 403 3152 2077 3243; baseline -0.002 -17"><span class='ocrx_word' id='word_1_157' title='bbox 403 3159 559 3226; x_wconf 80' lang='lat' dir='ltr'><strong>videlicet</strong></span> <span class='ocrx_word' id='word_1_158' title='bbox 574 3167 611 3224; x_wconf 90' lang='lat' dir='ltr'><strong>ut</strong></span> <span class='ocrx_word' id='word_1_159' title='bbox 627 3177 742 3220; x_wconf 90' lang='lat' dir='ltr'><strong>omnes</strong></span> <span class='ocrx_word' id='word_1_160' title='bbox 771 3152 900 3219; x_wconf 81' lang='lat' dir='ltr'><strong>incolae</strong></span> <span class='ocrx_word' id='word_1_161' title='bbox 917 3163 950 3218; x_wconf 90' lang='lat' dir='ltr'><strong>et</strong></span> <span class='ocrx_word' id='word_1_162' title='bbox 965 3153 1203 3221; x_wconf 85' lang='lat' dir='ltr'><strong>inhabitatores</strong></span> <span class='ocrx_word' id='word_1_163' title='bbox 1229 3153 1395 3234; x_wconf 75' lang='lat' dir='ltr'><strong>villarum,</strong></span> <span class='ocrx_word' id='word_1_164' title='bbox 1412 3153 1483 3220; x_wconf 85' lang='lat' dir='ltr'><strong>sive</strong></span> <span class='ocrx_word' id='word_1_165' title='bbox 1500 3177 1627 3238; x_wconf 88' lang='lat' dir='ltr'><strong>omnes,</strong></span> <span class='ocrx_word' id='word_1_166' title='bbox 1648 3157 1705 3243; x_wconf 91' lang='lat' dir='ltr'><strong>qui</strong></span> <span class='ocrx_word' id='word_1_167' title='bbox 1720 3155 1762 3222; x_wconf 87' lang='lat' dir='ltr'><strong>ad</strong></span> <span class='ocrx_word' id='word_1_168' title='bbox 1776 3157 1885 3242; x_wconf 86' lang='lat' dir='ltr'><strong>ipsum</strong></span> <span class='ocrx_word' id='word_1_169' title='bbox 1899 3155 2077 3222; x_wconf 84' lang='lat' dir='ltr'><strong>cenobium</strong></span> 
     </span>
     <span class='ocr_line' id='line_1_21' title="bbox 403 3232 2077 3330; baseline -0.002 -20"><span class='ocrx_word' id='word_1_170' title='bbox 403 3245 588 3330; x_wconf 82' lang='lat' dir='ltr'><strong>pertinent,</strong></span> <span class='ocrx_word' id='word_1_171' title='bbox 605 3240 645 3306; x_wconf 89' lang='lat' dir='ltr'><strong>ab</strong></span> <span class='ocrx_word' id='word_1_172' title='bbox 663 3237 816 3304; x_wconf 88' lang='lat' dir='ltr'><strong>omnibus</strong></span> <span class='ocrx_word' id='word_1_173' title='bbox 831 3237 1060 3306; x_wconf 82' lang='lat' dir='ltr'><strong>exactionibus</strong></span> <span class='ocrx_word' id='word_1_174' title='bbox 1077 3248 1110 3305; x_wconf 90' lang='lat' dir='ltr'><strong>et</strong></span> <span class='ocrx_word' id='word_1_175' title='bbox 1126 3237 1348 3307; x_wconf 87' lang='lat' dir='ltr'><strong>solutionibus</strong></span> <span class='ocrx_word' id='word_1_176' title='bbox 1372 3239 1438 3305; x_wconf 87' lang='lat' dir='ltr'><strong>sint</strong></span> <span class='ocrx_word' id='word_1_177' title='bbox 1452 3232 1552 3304; x_wconf 75' lang='lat' dir='ltr'><strong>&#39;liberi</strong></span> <span class='ocrx_word' id='word_1_178' title='bbox 1567 3247 1600 3305; x_wconf 89' lang='lat' dir='ltr'><strong>et</strong></span> <span class='ocrx_word' id='word_1_179' title='bbox 1615 3239 1769 3326; x_wconf 80' lang='lat' dir='ltr'><strong>exempti.</strong></span> <span class='ocrx_word' id='word_1_180' title='bbox 1806 3241 1857 3308; x_wconf 90' lang='lat' dir='ltr'><strong>Ita</strong></span> <span class='ocrx_word' id='word_1_181' title='bbox 1872 3248 1969 3324; x_wconf 83' lang='lat' dir='ltr'><strong>sane,</strong></span> <span class='ocrx_word' id='word_1_182' title='bbox 1986 3239 2077 3324; x_wconf 84' lang='lat' dir='ltr'><strong>quod</strong></span> 
     </span>
     <span class='ocr_line' id='line_1_22' title="bbox 406 3321 2155 3414; baseline 0.001 -21"><span class='ocrx_word' id='word_1_183' title='bbox 406 3349 513 3413; x_wconf 73' lang='lat' dir='ltr'><strong>neque</strong></span> <span class='ocrx_word' id='word_1_184' title='bbox 534 3339 615 3408; x_wconf 79' lang='lat' dir='ltr'><strong>stac,</strong></span> <span class='ocrx_word' id='word_1_185' title='bbox 631 3345 671 3389; x_wconf 88' lang='lat' dir='ltr'><strong>ne</strong></span> <span class='ocrx_word' id='word_1_186' title='bbox 695 3345 738 3388; x_wconf 85' lang='lat' dir='ltr'><strong>ue</strong></span> <span class='ocrx_word' id='word_1_187' title='bbox 752 3345 885 3414; x_wconf 68' lang='lat' dir='ltr'><strong>mern,</strong></span> <span class='ocrx_word' id='word_1_188' title='bbox 899 3343 1007 3407; x_wconf 87' lang='lat' dir='ltr'><strong>neque</strong></span> <span class='ocrx_word' id='word_1_189' title='bbox 1022 3336 1155 3390; x_wconf 77' lang='lat' dir='ltr'><strong>atrorem</strong></span> <span class='ocrx_word' id='word_1_190' title='bbox 1170 3324 1313 3410; x_wconf 81' lang='lat' dir='ltr'><strong>solvent,</strong></span> <span class='ocrx_word' id='word_1_191' title='bbox 1331 3324 1397 3390; x_wconf 89' lang='lat' dir='ltr'><strong>hoc</strong></span> <span class='ocrx_word' id='word_1_192' title='bbox 1411 3323 1537 3406; x_wconf 79' lang='lat' dir='ltr'><strong>addito,</strong></span> <span class='ocrx_word' id='word_1_193' title='bbox 1554 3324 1645 3407; x_wconf 84' lang='lat' dir='ltr'><strong>quod</strong></span> <span class='ocrx_word' id='word_1_194' title='bbox 1660 3345 1723 3390; x_wconf 86' lang='lat' dir='ltr'><strong>nec</strong></span> <span class='ocrx_word' id='word_1_195' title='bbox 1739 3345 1850 3392; x_wconf 80' lang='lat' dir='ltr'><strong>coram</strong></span> <span class='ocrx_word' id='word_1_196' title='bbox 1866 3321 2081 3406; x_wconf 69' lang='lat' dir='ltr'><strong>castellanis,</strong></span> <span class='ocrx_word' id='word_1_197' title='bbox 2146 3354 2155 3373; x_wconf 93' lang='lat'><strong>·</strong></span> 
     </span>
     <span class='ocr_line' id='line_1_23' title="bbox 403 3406 2075 3507; baseline -0.005 -28"><span class='ocrx_word' id='word_1_198' title='bbox 403 3433 468 3480; x_wconf 85' lang='lat' dir='ltr'><strong>neo</strong></span> <span class='ocrx_word' id='word_1_199' title='bbox 493 3429 606 3476; x_wconf 89' lang='lat' dir='ltr'><strong>coram</strong></span> <span class='ocrx_word' id='word_1_200' title='bbox 631 3410 658 3474; x_wconf 90' lang='lat' dir='ltr'>P</span> <span class='ocrx_word' id='word_1_201' title='bbox 711 3407 790 3473; x_wconf 84' lang='lat' dir='ltr'><strong>tinis</strong></span> <span class='ocrx_word' id='word_1_202' title='bbox 814 3406 867 3474; x_wconf 87' lang='lat' dir='ltr'><strong>vel</strong></span> <span class='ocrx_word' id='word_1_203' title='bbox 882 3427 1079 3507; x_wconf 86' lang='lat' dir='ltr'><strong>quocunque</strong></span> <span class='ocrx_word' id='word_1_204' title='bbox 1104 3407 1229 3476; x_wconf 87' lang='lat' dir='ltr'><strong>iudicio</strong></span> <span class='ocrx_word' id='word_1_205' title='bbox 1256 3433 1311 3476; x_wconf 87' lang='lat' dir='ltr'><strong>res</strong></span> <span class='ocrx_word' id='word_1_206' title='bbox 1337 3407 1493 3490; x_wconf 70' lang='lat' dir='ltr'><strong>audeaut,</strong></span> <span class='ocrx_word' id='word_1_207' title='bbox 1520 3407 1592 3476; x_wconf 85' lang='lat' dir='ltr'><strong>Sed</strong></span> <span class='ocrx_word' id='word_1_208' title='bbox 1613 3411 1740 3474; x_wconf 78' lang='lat' dir='ltr'><strong>teritum</strong></span> <span class='ocrx_word' id='word_1_209' title='bbox 1765 3409 1870 3496; x_wconf 82' lang='lat' dir='ltr'><strong>Regis</strong></span> <span class='ocrx_word' id='word_1_210' title='bbox 1896 3409 2075 3476; x_wconf 81' lang='lat' dir='ltr'><strong>Maiestati.</strong></span> 
     </span>
     <span class='ocr_line' id='line_1_24' title="bbox 333 3431 2145 3577; baseline -0.004 -14"><span class='ocrx_word' id='word_1_211' title='bbox 333 3537 336 3546; x_wconf 71' lang='lat'><em>,</em></span> <span class='ocrx_word' id='word_1_212' title='bbox 402 3495 487 3564; x_wconf 89' lang='lat' dir='ltr'><strong>Item</strong></span> <span class='ocrx_word' id='word_1_213' title='bbox 503 3491 542 3559; x_wconf 84' lang='lat' dir='ltr'><strong>ab</strong></span> <span class='ocrx_word' id='word_1_214' title='bbox 559 3493 710 3577; x_wconf 85' lang='lat' dir='ltr'><strong>omnibus</strong></span> <span class='ocrx_word' id='word_1_215' title='bbox 727 3491 993 3577; x_wconf 86' lang='lat' dir='ltr'><strong>expeditionibus</strong></span> <span class='ocrx_word' id='word_1_216' title='bbox 1010 3513 1079 3558; x_wconf 84' lang='lat' dir='ltr'><strong>srve</strong></span> <span class='ocrx_word' id='word_1_217' title='bbox 1092 3431 1586 3570; x_wconf 65' lang='lat' dir='ltr'><strong>aedisectionibus-castrorum,</strong></span> <span class='ocrx_word' id='word_1_218' title='bbox 1598 3501 1830 3577; x_wconf 87' lang='lat' dir='ltr'><strong>praeterquam</strong></span> <span class='ocrx_word' id='word_1_219' title='bbox 1841 3502 1985 3558; x_wconf 85' lang='lat' dir='ltr'><strong>castrum</strong></span> <span class='ocrx_word' id='word_1_220' title='bbox 1994 3491 2076 3572; x_wconf 90' lang='lat' dir='ltr'><strong>(sic)</strong></span> <span class='ocrx_word' id='word_1_221' title='bbox 2142 3513 2145 3520; x_wconf 86' lang='grc'><strong>’</strong></span> 
     </span>
     <span class='ocr_line' id='line_1_25' title="bbox 403 3573 2075 3674; baseline -0.004 -26"><span class='ocrx_word' id='word_1_222' title='bbox 403 3579 643 3659; x_wconf 58' lang='lat' dir='ltr'><strong>cracoviensa</strong></span> <span class='ocrx_word' id='word_1_223' title='bbox 658 3587 691 3643; x_wconf 89' lang='lat' dir='ltr'><strong>et</strong></span> <span class='ocrx_word' id='word_1_224' title='bbox 707 3586 849 3642; x_wconf 87' lang='lat' dir='ltr'><strong>castrum</strong></span> <span class='ocrx_word' id='word_1_225' title='bbox 866 3575 907 3640; x_wconf 90' lang='lat' dir='ltr'><strong>de</strong></span> <span class='ocrx_word' id='word_1_226' title='bbox 924 3575 1038 3656; x_wconf 65' lang='lat' dir='ltr'><strong>Ciracb,</strong></span> <span class='ocrx_word' id='word_1_227' title='bbox 1054 3575 1194 3659; x_wconf 87' lang='lat' dir='ltr'><strong>adquae</strong></span> <span class='ocrx_word' id='word_1_228' title='bbox 1211 3575 1416 3642; x_wconf 82' lang='lat' dir='ltr'><strong>aedificanda</strong></span> <span class='ocrx_word' id='word_1_229' title='bbox 1427 3577 1476 3640; x_wconf 89' lang='lat' dir='ltr'><strong>ire</strong></span> <span class='ocrx_word' id='word_1_230' title='bbox 1488 3575 1699 3655; x_wconf 85' lang='lat' dir='ltr'><strong>tenebuntur,</strong></span> <span class='ocrx_word' id='word_1_231' title='bbox 1723 3588 1758 3640; x_wconf 87' lang='lat' dir='ltr'><strong>et</strong></span> <span class='ocrx_word' id='word_1_232' title='bbox 1772 3575 1814 3639; x_wconf 81' lang='lat' dir='ltr'><strong>ad</strong></span> <span class='ocrx_word' id='word_1_233' title='bbox 1829 3573 2075 3674; x_wconf 80' lang='lat' dir='ltr'><strong>expeditionem</strong></span> 
     </span>
     <span class='ocr_line' id='line_1_26' title="bbox 403 3657 2074 3748; baseline -0.002 -18"><span class='ocrx_word' id='word_1_234' title='bbox 403 3663 592 3748; x_wconf 82' lang='lat' dir='ltr'><strong>quamlibet,</strong></span> <span class='ocrx_word' id='word_1_235' title='bbox 609 3665 648 3729; x_wconf 83' lang='lat' dir='ltr'><strong>ro</strong></span> <span class='ocrx_word' id='word_1_236' title='bbox 662 3662 813 3730; x_wconf 87' lang='lat' dir='ltr'><strong>homines</strong></span> <span class='ocrx_word' id='word_1_237' title='bbox 839 3683 912 3727; x_wconf 87' lang='lat' dir='ltr'><strong>oum</strong></span> <span class='ocrx_word' id='word_1_238' title='bbox 927 3658 1045 3745; x_wconf 86' lang='lat' dir='ltr'><strong>clipeis</strong></span> <span class='ocrx_word' id='word_1_239' title='bbox 1058 3661 1192 3738; x_wconf 74' lang='lat' dir='ltr'><strong>mittent</strong></span> <span class='ocrx_word' id='word_1_240' title='bbox 1207 3660 1248 3731; x_wconf 89' lang='lat' dir='ltr'><strong>de</strong></span> <span class='ocrx_word' id='word_1_241' title='bbox 1265 3659 1417 3726; x_wconf 85' lang='lat' dir='ltr'><strong>omnibus</strong></span> <span class='ocrx_word' id='word_1_242' title='bbox 1439 3658 1527 3726; x_wconf 86' lang='lat' dir='ltr'><strong>villis</strong></span> <span class='ocrx_word' id='word_1_243' title='bbox 1548 3661 1740 3744; x_wconf 85' lang='lat' dir='ltr'><strong>monasterij</strong></span> <span class='ocrx_word' id='word_1_244' title='bbox 1766 3657 1942 3744; x_wconf 81' lang='lat' dir='ltr'><strong>praedroti.</strong></span> <span class='ocrx_word' id='word_1_245' title='bbox 1979 3659 2074 3729; x_wconf 84' lang='lat' dir='ltr'><strong>Item.</strong></span> 
     </span>
     <span class='ocr_line' id='line_1_27' title="bbox 402 3742 2074 3832; baseline -0.004 -18"><span class='ocrx_word' id='word_1_246' title='bbox 402 3751 511 3816; x_wconf 80' lang='lat' dir='ltr'><strong>forum</strong></span> <span class='ocrx_word' id='word_1_247' title='bbox 526 3747 618 3814; x_wconf 84' lang='lat' dir='ltr'><strong>circa</strong></span> <span class='ocrx_word' id='word_1_248' title='bbox 632 3748 810 3822; x_wconf 78' lang='lat' dir='ltr'><strong>claustrum</strong></span> <span class='ocrx_word' id='word_1_249' title='bbox 825 3767 900 3814; x_wconf 90' lang='lat' dir='ltr'><strong>oum</strong></span> <span class='ocrx_word' id='word_1_250' title='bbox 916 3744 1061 3832; x_wconf 80' lang='lat' dir='ltr'><strong>quinque</strong></span> <span class='ocrx_word' id='word_1_251' title='bbox 1077 3743 1226 3818; x_wconf 86' lang='lat' dir='ltr'><strong>cbabinis</strong></span> <span class='ocrx_word' id='word_1_252' title='bbox 1242 3748 1287 3826; x_wconf 74' lang='lat' dir='ltr'><strong>(l)</strong></span> <span class='ocrx_word' id='word_1_253' title='bbox 1303 3743 1424 3810; x_wconf 87' lang='lat' dir='ltr'><strong>datum.</strong></span> <span class='ocrx_word' id='word_1_254' title='bbox 1463 3742 1556 3808; x_wconf 88' lang='lat' dir='ltr'><strong>Item.</strong></span> <span class='ocrx_word' id='word_1_255' title='bbox 1581 3743 1741 3810; x_wconf 86' lang='lat' dir='ltr'><strong>Castores</strong></span> <span class='ocrx_word' id='word_1_256' title='bbox 1762 3743 1906 3810; x_wconf 84' lang='lat' dir='ltr'><strong>venandi</strong></span> <span class='ocrx_word' id='word_1_257' title='bbox 1919 3744 1954 3809; x_wconf 88' lang='lat' dir='ltr'><strong>in</strong></span> <span class='ocrx_word' id='word_1_258' title='bbox 1968 3745 2074 3830; x_wconf 84' lang='lat' dir='ltr'><strong>aquis.</strong></span> 
     </span>
     <span class='ocr_line' id='line_1_28' title="bbox 404 3823 2074 3930; baseline -0.003 -31"><span class='ocrx_word' id='word_1_259' title='bbox 404 3833 497 3900; x_wconf 89' lang='lat' dir='ltr'><strong>ltem.</strong></span> <span class='ocrx_word' id='word_1_260' title='bbox 518 3831 733 3900; x_wconf 86' lang='lat' dir='ltr'><strong>Confirmatio</strong></span> <span class='ocrx_word' id='word_1_261' title='bbox 765 3827 994 3911; x_wconf 83' lang='lat' dir='ltr'><strong>ordinationis,</strong></span> <span class='ocrx_word' id='word_1_262' title='bbox 1022 3827 1262 3924; x_wconf 18' lang='lat' dir='ltr'><strong>quamyComes</strong></span> <span class='ocrx_word' id='word_1_263' title='bbox 1285 3829 1420 3896; x_wconf 75' lang='lat' dir='ltr'><strong>Mai-cns</strong></span> <span class='ocrx_word' id='word_1_264' title='bbox 1445 3825 1651 3893; x_wconf 88' lang='lat' dir='ltr'><strong>Procurator</strong></span> <span class='ocrx_word' id='word_1_265' title='bbox 1667 3823 1809 3914; x_wconf 82' lang='lat' dir='ltr'><strong>Cenobij</strong></span> <span class='ocrx_word' id='word_1_266' title='bbox 1825 3827 1967 3915; x_wconf 78' lang='lat' dir='ltr'><strong>praelati</strong></span> <span class='ocrx_word' id='word_1_267' title='bbox 1981 3825 2074 3930; x_wconf 72' lang='lat' dir='ltr'><strong>fecit²</strong></span> 
     </span>
     <span class='ocr_line' id='line_1_29' title="bbox 403 3909 2082 4012; baseline -0.002 -28"><span class='ocrx_word' id='word_1_268' title='bbox 403 3939 478 3984; x_wconf 83' lang='lat' dir='ltr'><strong>cam</strong></span> <span class='ocrx_word' id='word_1_269' title='bbox 493 3916 659 3984; x_wconf 80' lang='lat' dir='ltr'><strong>Stanislao</strong></span> <span class='ocrx_word' id='word_1_270' title='bbox 675 3915 742 3981; x_wconf 81' lang='lat' dir='ltr'><strong>tilio</strong></span> <span class='ocrx_word' id='word_1_271' title='bbox 757 3913 898 3982; x_wconf 85' lang='lat' dir='ltr'><strong>Henrici</strong></span> <span class='ocrx_word' id='word_1_272' title='bbox 911 3915 1042 3982; x_wconf 79' lang='lat' dir='ltr'><strong>Joanns</strong></span> <span class='ocrx_word' id='word_1_273' title='bbox 1057 3915 1159 3980; x_wconf 74' lang='lat' dir='ltr'><strong>nare</strong></span> <span class='ocrx_word' id='word_1_274' title='bbox 1177 3924 1211 3982; x_wconf 90' lang='lat' dir='ltr'><strong>et</strong></span> <span class='ocrx_word' id='word_1_275' title='bbox 1224 3915 1292 3980; x_wconf 84' lang='lat' dir='ltr'><strong>lilio</strong></span> <span class='ocrx_word' id='word_1_276' title='bbox 1308 3911 1453 4004; x_wconf 67' lang='lat' dir='ltr'><strong>dilaniari,</strong></span> <span class='ocrx_word' id='word_1_277' title='bbox 1473 3909 1638 3980; x_wconf 85' lang='lat' dir='ltr'><strong>redimens</strong></span> <span class='ocrx_word' id='word_1_278' title='bbox 1654 3913 1694 3979; x_wconf 76' lang='lat' dir='ltr'><strong>ab</strong></span> <span class='ocrx_word' id='word_1_279' title='bbox 1712 3915 1761 3982; x_wconf 86' lang='lat' dir='ltr'><strong>eis</strong></span> <span class='ocrx_word' id='word_1_280' title='bbox 1776 3935 1877 3979; x_wconf 86' lang='lat' dir='ltr'><strong>unum</strong></span> <span class='ocrx_word' id='word_1_281' title='bbox 1889 3912 1968 3980; x_wconf 86' lang='lat' dir='ltr'><strong>litus</strong></span> <span class='ocrx_word' id='word_1_282' title='bbox 1983 3911 2082 4012; x_wconf 63' lang='grc' dir='ltr'>Ηιινῂ</span> 
     </span>
     <span class='ocr_line' id='line_1_30' title="bbox 388 3995 2075 4086; baseline -0.005 -15"><span class='ocrx_word' id='word_1_283' title='bbox 388 4003 516 4071; x_wconf 66' lang='lat' dir='ltr'><strong>rubas</strong></span> <span class='ocrx_word' id='word_1_284' title='bbox 530 4001 572 4066; x_wconf 88' lang='lat' dir='ltr'><strong>ad</strong></span> <span class='ocrx_word' id='word_1_285' title='bbox 586 3999 741 4082; x_wconf 84' lang='lat' dir='ltr'><strong>alterum,</strong></span> <span class='ocrx_word' id='word_1_286' title='bbox 772 3999 864 4084; x_wconf 85' lang='lat' dir='ltr'><strong>quod</strong></span> <span class='ocrx_word' id='word_1_287' title='bbox 887 3999 960 4066; x_wconf 86' lang='lat' dir='ltr'><strong>iure</strong></span> <span class='ocrx_word' id='word_1_288' title='bbox 982 3997 1203 4066; x_wconf 81' lang='lat' dir='ltr'><strong>haereditario</strong></span> <span class='ocrx_word' id='word_1_289' title='bbox 1223 4001 1330 4086; x_wconf 86' lang='lat' dir='ltr'><strong>ipsum</strong></span> <span class='ocrx_word' id='word_1_290' title='bbox 1347 3995 1658 4084; x_wconf 68' lang='lat' dir='ltr'><strong>concumbebat,</strong></span> <span class='ocrx_word' id='word_1_291' title='bbox 1673 4021 1737 4086; x_wconf 90' lang='lat' dir='ltr'><strong>pro</strong></span> <span class='ocrx_word' id='word_1_292' title='bbox 1754 3999 1797 4064; x_wconf 88' lang='lat'><strong>10</strong></span> <span class='ocrx_word' id='word_1_293' title='bbox 1807 3997 1931 4066; x_wconf 82' lang='lat' dir='ltr'><strong>marcis</strong></span> <span class='ocrx_word' id='word_1_294' title='bbox 1947 4007 2075 4086; x_wconf 75' lang='lat' dir='ltr'><strong>argenta</strong></span> 
     </span>
     <span class='ocr_line' id='line_1_31' title="bbox 406 4078 2151 4172; baseline -0.003 -21"><span class='ocrx_word' id='word_1_295' title='bbox 406 4083 584 4168; x_wconf 85' lang='lat' dir='ltr'><strong>denariati,</strong></span> <span class='ocrx_word' id='word_1_296' title='bbox 610 4085 668 4150; x_wconf 86' lang='lat' dir='ltr'><strong>tali</strong></span> <span class='ocrx_word' id='word_1_297' title='bbox 695 4083 921 4168; x_wconf 88' lang='lat' dir='ltr'><strong>ordinatione,</strong></span> <span class='ocrx_word' id='word_1_298' title='bbox 937 4091 973 4148; x_wconf 88' lang='lat' dir='ltr'><strong>ut</strong></span> <span class='ocrx_word' id='word_1_299' title='bbox 994 4078 1168 4170; x_wconf 82' lang='lat' dir='ltr'><strong>a&#39;gadibus</strong></span> <span class='ocrx_word' id='word_1_300' title='bbox 1199 4083 1428 4172; x_wconf 90' lang='lat' dir='ltr'><strong>superioribus</strong></span> <span class='ocrx_word' id='word_1_301' title='bbox 1457 4104 1562 4167; x_wconf 89' lang='lat' dir='ltr'><strong>usque</strong></span> <span class='ocrx_word' id='word_1_302' title='bbox 1582 4084 1624 4150; x_wconf 89' lang='lat' dir='ltr'><strong>ad</strong></span> <span class='ocrx_word' id='word_1_303' title='bbox 1638 4086 1797 4151; x_wconf 90' lang='lat' dir='ltr'><strong>terminos</strong></span> <span class='ocrx_word' id='word_1_304' title='bbox 1812 4081 1988 4148; x_wconf 80' lang='lat' dir='ltr'><strong>inferiores</strong></span> <span class='ocrx_word' id='word_1_305' title='bbox 2002 4105 2075 4150; x_wconf 89' lang='lat' dir='ltr'><strong>mo·</strong></span> <span class='ocrx_word' id='word_1_306' title='bbox 2146 4163 2151 4171; x_wconf 79' lang='lat'><em>,</em></span> 
     </span>
     <span class='ocr_line' id='line_1_32' title="bbox 404 4165 2173 4270; baseline -0.003 -36"><span class='ocrx_word' id='word_1_307' title='bbox 404 4169 578 4234; x_wconf 81' lang='lat' dir='ltr'><strong>leudinum·</strong></span> <span class='ocrx_word' id='word_1_308' title='bbox 597 4169 825 4270; x_wconf 64' lang='lat' dir='ltr'><strong>construendi,</strong></span> <span class='ocrx_word' id='word_1_309' title='bbox 841 4167 894 4233; x_wconf 84' lang='lat' dir='ltr'><strong>vel</strong></span> <span class='ocrx_word' id='word_1_310' title='bbox 908 4169 1149 4253; x_wconf 86' lang='lat' dir='ltr'><strong>transponendi</strong></span> <span class='ocrx_word' id='word_1_311' title='bbox 1160 4167 1261 4270; x_wconf 38' lang='lat' dir='ltr'><strong>&#39;Idem</strong></span> <span class='ocrx_word' id='word_1_312' title='bbox 1286 4169 1523 4236; x_wconf 83' lang='lat' dir='ltr'><strong>monasterium</strong></span> <span class='ocrx_word' id='word_1_313' title='bbox 1550 4165 1686 4235; x_wconf 87' lang='lat' dir='ltr'><strong>liberam</strong></span> <span class='ocrx_word' id='word_1_314' title='bbox 1714 4168 1835 4268; x_wconf 71' lang='lat' dir='ltr'><strong>lrabeat</strong></span> <span class='ocrx_word' id='word_1_315' title='bbox 1863 4173 2074 4252; x_wconf 84' lang='lat' dir='ltr'><strong>potestatem,</strong></span> <span class='ocrx_word' id='word_1_316' title='bbox 2165 4185 2173 4204; x_wconf 79' lang='lat'><em>⁰</em></span> 
     </span>
    </p>

    <p class='ocr_par' dir='ltr' id='par_1_8' title="bbox 403 4251 2083 4676">
     <span class='ocr_line' id='line_1_33' title="bbox 405 4251 2083 4428; baseline 0.005 -26"><span class='ocrx_word' id='word_1_317' title='bbox 405 4261 895 4428; x_wconf 61' lang='lat' dir='ltr'><strong>retractaturus</strong></span> <span class='ocrx_word' id='word_1_318' title='bbox 906 4251 2083 4428; x_wconf 47' lang='lat' dir='ltr'><strong>tetrartemoria?straenaamsla.</strong></span> 
     </span>
     <span class='ocr_line' id='line_1_34' title="bbox 404 4405 2082 4509; baseline -0.002 -23"><span class='ocrx_word' id='word_1_319' title='bbox 404 4417 570 4487; x_wconf 83' lang='lat' dir='ltr'><strong>haeredes</strong></span> <span class='ocrx_word' id='word_1_320' title='bbox 581 4424 772 4509; x_wconf 87' lang='lat' dir='ltr'><strong>monasterij</strong></span> <span class='ocrx_word' id='word_1_321' title='bbox 789 4423 940 4490; x_wconf 81' lang='lat' dir='ltr'><strong>lecerunt</strong></span> <span class='ocrx_word' id='word_1_322' title='bbox 956 4441 1029 4486; x_wconf 88' lang='lat' dir='ltr'><strong>cum</strong></span> <span class='ocrx_word' id='word_1_323' title='bbox 1068 4421 1313 4505; x_wconf 82' lang='lat' dir='ltr'><strong>cibuscunque3</strong></span> <span class='ocrx_word' id='word_1_324' title='bbox 1345 4417 1469 4489; x_wconf 81' lang='lat' dir='ltr'><strong>Relicta</strong></span> <span class='ocrx_word' id='word_1_325' title='bbox 1484 4431 1576 4490; x_wconf 87' lang='lat' dir='ltr'><strong>sorte</strong></span> <span class='ocrx_word' id='word_1_326' title='bbox 1594 4414 1734 4490; x_wconf 81' lang='lat' dir='ltr'><strong>Comitis</strong></span> <span class='ocrx_word' id='word_1_327' title='bbox 1751 4405 1947 4502; x_wconf 76' lang='lat' dir='ltr'><strong>Clementis,</strong></span> <span class='ocrx_word' id='word_1_328' title='bbox 1978 4439 2082 4504; x_wconf 85' lang='lat' dir='ltr'><strong>qoam.</strong></span> 
     </span>
     <span class='ocr_line' id='line_1_35' title="bbox 404 4504 2074 4595; baseline -0.001 -24"><span class='ocrx_word' id='word_1_329' title='bbox 404 4505 483 4572; x_wconf 86' lang='lat' dir='ltr'><strong>emit</strong></span> <span class='ocrx_word' id='word_1_330' title='bbox 512 4505 602 4592; x_wconf 86' lang='lat' dir='ltr'><strong>apud</strong></span> <span class='ocrx_word' id='word_1_331' title='bbox 630 4507 787 4574; x_wconf 81' lang='lat' dir='ltr'><strong>Secbiun</strong></span> <span class='ocrx_word' id='word_1_332' title='bbox 803 4517 839 4574; x_wconf 90' lang='lat' dir='ltr'><strong>et</strong></span> <span class='ocrx_word' id='word_1_333' title='bbox 850 4508 979 4574; x_wconf 78' lang='lat' dir='ltr'><strong>Boram</strong></span> <span class='ocrx_word' id='word_1_334' title='bbox 992 4506 1028 4573; x_wconf 88' lang='lat' dir='ltr'><strong>in</strong></span> <span class='ocrx_word' id='word_1_335' title='bbox 1077 4526 1278 4592; x_wconf 49' lang='lat' dir='ltr'><strong>orcwwapro</strong></span> <span class='ocrx_word' id='word_1_336' title='bbox 1296 4509 1335 4572; x_wconf 79' lang='grc'><strong>19</strong></span> <span class='ocrx_word' id='word_1_337' title='bbox 1349 4509 1469 4574; x_wconf 81' lang='lat' dir='ltr'><strong>marcis</strong></span> <span class='ocrx_word' id='word_1_338' title='bbox 1496 4507 1627 4595; x_wconf 82' lang='lat' dir='ltr'><strong>argenti</strong></span> <span class='ocrx_word' id='word_1_339' title='bbox 1653 4504 1832 4584; x_wconf 66' lang='lat' dir='ltr'><strong>ananau,</strong></span> <span class='ocrx_word' id='word_1_340' title='bbox 1855 4513 1969 4571; x_wconf 84' lang='lat' dir='ltr'><strong>etune</strong></span> <span class='ocrx_word' id='word_1_341' title='bbox 1984 4520 2074 4590; x_wconf 83' lang='lat' dir='ltr'><strong>equo</strong></span> 
     </span>
     <span class='ocr_line' id='line_1_36' title="bbox 403 4579 1843 4676; baseline 0.001 -24"><span class='ocrx_word' id='word_1_342' title='bbox 403 4590 546 4676; x_wconf 82' lang='lat' dir='ltr'><strong>valente,</strong></span> <span class='ocrx_word' id='word_1_343' title='bbox 562 4579 613 4672; x_wconf 53' lang='grc' dir='ltr'><strong>(ἤ</strong></span> <span class='ocrx_word' id='word_1_344' title='bbox 626 4603 690 4658; x_wconf 89' lang='lat' dir='ltr'><strong>eto.</strong></span> <span class='ocrx_word' id='word_1_345' title='bbox 714 4593 877 4662; x_wconf 82' lang='lat' dir='ltr'><strong>Graoovie</strong></span> <span class='ocrx_word' id='word_1_346' title='bbox 893 4591 993 4658; x_wconf 80' lang='lat' dir='ltr'><strong>Anno</strong></span> <span class='ocrx_word' id='word_1_347' title='bbox 1012 4592 1106 4657; x_wconf 69' lang='lat'><strong>1270.</strong></span> <span class='ocrx_word' id='word_1_348' title='bbox 1128 4593 1194 4659; x_wconf 89' lang='lat' dir='ltr'><strong>Per</strong></span> <span class='ocrx_word' id='word_1_349' title='bbox 1208 4614 1323 4659; x_wconf 87' lang='lat' dir='ltr'><strong>manus</strong></span> <span class='ocrx_word' id='word_1_350' title='bbox 1340 4591 1536 4659; x_wconf 83' lang='lat' dir='ltr'><strong>Twardislai</strong></span> <span class='ocrx_word' id='word_1_351' title='bbox 1552 4589 1843 4675; x_wconf 88' lang='lat' dir='ltr'><strong>Suboancellarij.”</strong></span> 
     </span>
    </p>
   </div>
   <div class='ocr_carea' id='block_1_7' title="bbox 451 4749 1970 4904">
    <p class='ocr_par' dir='ltr' id='par_1_9' title="bbox 451 4749 1970 4904">
     <span class='ocr_line' id='line_1_37' title="bbox 451 4749 1857 4825; baseline -0.003 -12"><span class='ocrx_word' id='word_1_352' title='bbox 451 4765 462 4782; x_wconf 85' lang='lat'><em>⁰</em></span> <span class='ocrx_word' id='word_1_353' title='bbox 508 4759 542 4824; x_wconf 67' lang='lat'><strong>(⁵)</strong></span> <span class='ocrx_word' id='word_1_354' title='bbox 559 4749 646 4813; x_wconf 74' lang='lat' dir='ltr'><strong>Deua</strong></span> <span class='ocrx_word' id='word_1_355' title='bbox 656 4775 721 4813; x_wconf 77' lang='lat' dir='ltr'><strong>eme:</strong></span> <span class='ocrx_word' id='word_1_356' title='bbox 743 4763 909 4824; x_wconf 75' lang='lat' dir='ltr'><strong>„Valentem”</strong></span> <span class='ocrx_word' id='word_1_357' title='bbox 918 4761 1002 4825; x_wconf 67' lang='lat' dir='ltr'><strong>(Nota</strong></span> <span class='ocrx_word' id='word_1_358' title='bbox 1012 4763 1199 4825; x_wconf 73' lang='lat' dir='ltr'><strong>Bentkwseii).</strong></span> <span class='ocrx_word' id='word_1_359' title='bbox 1311 4787 1316 4808; x_wconf 83' lang='grc' dir='ltr'><strong>ι</strong></span> <span class='ocrx_word' id='word_1_360' title='bbox 1854 4785 1857 4794; x_wconf 92' lang='lat'><em>·</em></span> 
     </span>
     <span class='ocr_line' id='line_1_38' title="bbox 500 4841 1970 4904; baseline -0.005 -20"><span class='ocrx_word' id='word_1_361' title='bbox 500 4841 583 4887; x_wconf 75' lang='lat' dir='ltr'><strong>&#39;tonus</strong></span> <span class='ocrx_word' id='word_1_362' title='bbox 595 4843 636 4886; x_wconf 85' lang='lat'>111.</span> <span class='ocrx_word' id='word_1_363' title='bbox 756 4859 760 4864; x_wconf 78' lang='lat'><em>=</em></span> <span class='ocrx_word' id='word_1_364' title='bbox 1932 4841 1970 4904; x_wconf 74' lang='lat'><strong>12</strong></span> 
     </span>
    </p>
   </div>
   <div class='ocr_carea' id='block_1_8' title="bbox 0 0 2470 5922">
    <p class='ocr_par' dir='ltr' id='par_1_10' title="bbox 0 0 2470 5922">
     <span class='ocr_line' id='line_1_39' title="bbox 0 0 2470 5922; baseline 0 0"><span class='ocrx_word' id='word_1_365' title='bbox 0 0 2470 5922; x_wconf 95' lang='lat' dir='ltr'><strong> </strong></span> 
     </span>
    </p>
   </div>
  </div>
 </body>
</html>
