4890 5924
1119 629 1399 708 „oos-

297 893 301 900 ·
424 834 655 948 praedictis
682 839 867 914 'centum
909 827 1229 939 quinquaginta
1268 833 1446 932 mansis,
1467 827 1708 912 molendina
1748 842 1962 944 quotquot
1991 863 2095 924 eon·

253 972 255 982 ’
357 1025 359 1032 J
425 967 588 1038 struere
616 951 773 1060 poterit
803 975 899 1030 cum
922 946 1114 1054 piscinis,
1146 943 1316 1028 stubam
1347 943 1582 1030 balneoler'n
1604 973 1690 1028 una
1712 976 1808 1032 cum
1831 951 1998 1037 duabus
2021 984 2094 1038 eo-

322 1153 327 1162 ,
425 1073 550 1172 meris
571 1095 808 1178 pannorum
831 1075 875 1147 et
893 1065 1200 1163 institutorum,
1220 1063 1426 1165 macellis,
1457 1065 1615 1174 mensis
1635 1091 1816 1170 panum,
1841 1076 1884 1152 et
1904 1079 2094 1176 sutorum

320 1207 323 1214 ’
397 1187 599 1290 'mensis,
629 1185 880 1272 mactatorio
913 1181 1029 1290 quod
1060 1177 1259 1286 Butglow
1294 1181 1540 1264 theutonice
1574 1182 1726 1263 dicitur
1747 1193 1794 1262 et
1810 1199 2094 1294 nuncupatur,

288 1341 296 1354 ,
422 1313 517 1390 rota
546 1303 614 1386 vel
646 1303 748 1388 rotis
784 1327 859 1409 pro
894 1298 1047 1407 pannis
1084 1297 1414 1400 contimdcndis,
1452 1299 1579 1379 etiam
1615 1297 1792 1407 singulis
1829 1302 2095 1410 utilitatibus,

415 1448 532 1534 ,quas
552 1417 695 1504 facere
719 1429 761 1500 et
781 1419 1023 1525 excogitare
1054 1415 1212 1522 poterit
1236 1416 1457 1520 praedicto
1482 1416 1580 1524 jure
1610 1415 1977 1528 Magdeburgensi
1998 1442 2096 1526 per·

422 1541 652 1622 mittentes.
715 1533 838 1638 Quae
874 1534 1013 1616 omnia
1043 1541 1087 1614 et
1116 1530 1286 1640 singula
1317 1531 1474 1616 debent
1506 1557 1601 1614 esse
1621 1533 1755 1616 libera
1775 1545 1818 1616 et
1853 1563 1879 1616 a
1900 1537 2094 1646 qualibet

422 1655 625 1767 pensione
648 1656 816 1763 penitus
839 1645 1048 1734 absoluta.
1109 1647 1169 1730 Et
1188 1651 1412 1731 statuimus
1445 1649 1569 1756 quod¹
1586 1647 1677 1757 jam
1708 1651 1897 1760 indicta
1917 1655 2092 1738 civitate

292 1853 297 1863 ,
425 1775 492 1857 die
516 1771 729 1856 Sabbathi
751 1767 908 1852 debeat
928 1792 1021 1850 esse
1042 1765 1201 1849 Forum
1222 1792 1300 1874 pro
1323 1767 1535 1876 emptione
1557 1777 1601 1848 et
1620 1769 1867 1853 venditione
1903 1771 2092 1862 omnium

421 1919 561 1974 rerum
581 1887 842 2018 hominibusd
874 1884 1169 1994 cujuscunque
1200 1883 1455 1990 conditionis
1476 1885 1545 1967 vel
1563 1884 1734 1992 linguae
1765 1883 1923 1967 fuerint
1943 1895 1987 1968 et
2007 1891 2094 1972 exi·

322 2047 336 2061 ··
423 2015 550 2090 stant.
611 2007 845 2114 Propterea
874 2004 1068 2102 volumus
1091 2009 1135 2080 et
1156 2000 1401 2103 statuimus,
1432 2010 1482 2083 ut
1501 2001 1638 2090 nullus
1668 2001 1974 2106 Palatinorum,
2008 2003 2094 2090 Oa·
2144 2034 2153 2042 ·

421 2124 696 2215 stelunorum
718 2132 762 2204 et
782 2117 1010 2229 quodlibet
1031 2117 1241 2225 judicium
1271 2119 1417 2207 Nostri
1436 2119 1579 2230 regni,
1616 2145 1695 2202 nec
1718 2121 2094 2234 cives,11ecvillo·
2119 2199 2124 2212 ,

421 2267 498 2328 nos
522 2240 883 2324 circumsedentes
905 2237 1139 2338 civitatem,
1160 2262 1237 2344 pro
1257 2263 1519 2346 quacunque
1536 2263 1668 2330 causa
1682 2255 1761 2318 se'u
1776 2238 1916 2322 causis
1934 2237 2094 2332 debeat

416 2361 632 2469 judicare,
662 2357 743 2438 nisi
774 2357 1017 2440 advocatus
1048 2353 1318 2462 supradictus
1351 2363 1395 2436 et
1424 2353 1491 2439 sui
1519 2379 1808 2460 successores,
1830 2363 1873 2436 et
1893 2382 1977 2440 non
2008 2358 2092 2444 elio

415 2477 526 2586 jure,
546 2475 627 2561 nisi
648 2472 916 2560 Theutonico
951 2469 1315 2580 Magdcburgensi
1351 2471 1609 2578 supradicto.
1671 2471 1918 2559 Advocatus
1961 2475 2093 2570 etiam

422 2593 693 2702 supradictus
715 2601 760 2676 et
778 2591 845 2674 sui
866 2590 1135 2696 successoree
1160 2583 1315 2673 'coram
1351 2585 1464 2672 nullo
1494 2588 1664 2696 judice,
1700 2590 1775 2699 qui
1805 2616 1882 2698 pro
1903 2598 2094 2700 tempore

422 2707 567 2812 fuerit,
587 2709 825 2794 nullatenus
845 2705 1139 2815 respondebit,
1161 2707 1241 2786 nisi
1260 2713 1428 2788 tontum
1449 2732 1593 2792 coram
1613 2706 1753 2794 Nobis
1769 2705 1924 2811 stabit,
1948 2718 1990 2792 et
2008 2737 2094 2799 noo
2136 2757 2139 2760 ·

423 2827 541 2913 aliter
577 2826 631 2910 de
667 2853 713 2910 se
745 2822 1096 2936 quaerulantibus
1132 2820 1427 2931 respondebit,
1465 2823 1545 2906 nisi
1582 2849 1659 2906 suo
1688 2823 1786 2931 jure
1823 2823 2093 2914 Tbeutonico

422 2942 801 3056 Mogdeburgensi.
863 2942 921 3024 Et
954 2951 1004 3024 ut
1040 2939 1219 3024 eandem
1254 2941 1471 3024 civitatem
1507 2940 1656 3027 melius
1689 2939 1804 3024 idem
1841 2941 2093 3032 Advocatus

424 3061 565 3148 valeat
596 3061 827 3162 collocare,
865 3059 1061 3142 omnibus
1085 3065 1128 3137 et
1147 3058 1324 3165 singulis
1360 3059 1499 3166 ipsam
1533 3055 1868 3150 inhabitantibus
1900 3068 1942 3138 et
1972 3057 2094 3152 villas

426 3177 857 3276 circumsedentibus,
895 3175 1157 3276 asolutione¹
1195 3199 1349 3266 census
1386 3183 1431 3256 et
1479 3173 1735 3283 aqualibet
1768 3172 2095 3280 contributione,
2233 3259 2241 3269 ,
2385 3201 2392 3212 ·

425 3297 575 3380 adata
614 3294 873 3402 presentium
898 3319 989 3401 ,per
1030 3290 1275 3402 quindecim
1316 3286 1450 3374 innos
1492 3291 1766 3378 concedimus
1807 3293 2094 3381 omnimodam

422 3413 683 3516 libertatem3
705 3439 794 3522 qua
816 3412 1053 3518 expirante,
1075 3408 1128 3490 de
1149 3405 1341 3518 quolibet
1369 3406 1494 3492 laneo
1514 3435 1591 3517 per
1613 3409 1761 3494 decem
1783 3407 1932 3497 scotos·
1945 3438 2094 3499 mone·

423 3542 496 3616 tce
513 3533 557 3619 in
577 3556 713 3641 regno
749 3529 905 3614 Nostro
943 3528 1171 3638 currentis,
1191 3526 1236 3608 in
1256 3523 1368 3612 festo
1389 3523 1515 3613 Beati
1547 3525 1723 3618 Martini
1755 3525 1892 3616 Nobis
1911 3527 2094 3642 solvere

421 3798 604 3872 boniensis
622 3759 759 3891 scripsit
774 3795 988 3870 doctissimus
997 3769 1187 3870 Alexander
1195 3797 1371 3866 Stodniclri
1385 3810 1418 3867 ct
1434 3803 1567 3870 easdem
1581 3804 1616 3870 in
1630 3824 1733 3888 opere
1746 3801 1836 3886 quod
1847 3800 1988 3887 singolis
1998 3787 2093 3867 men·

424 3889 518 3958 sibus
533 3889 718 3956 Vorsoviae
733 3889 855 3976 prodit.
871 3889 972 3976 vulgo
985 3893 988 3900 ’
1003 3883 1218 3970 „Biblioteka
1231 3881 1476 3958 Warszaweka”
1505 3889 1609 3970 dieto,
1638 3888 1731 3974 typis
1751 3885 1919 3959 mandarit
1928 3883 2043 3973 (julius
2059 3895 2094 3957 et

426 3983 588 4062 augustus
601 3995 628 4038 a
641 3971 1009 4056 roconismontem
1024 3971 1101 4035 anni
1113 3967 1221 4052 T.III,
1262 3969 1345 4036 ,1ἵὸ
1358 3979 1392 4035 et
1406 3993 1466 4056 seq
1491 3971 1526 4052 .).
1542 3968 1744 4039 Dissertatio
1759 3969 1843 4036 baec
1855 3993 1922 4034 non
1932 3969 2030 4056 parvi
2040 3981 2094 4038 est

302 4071 307 4078 ’
339 4111 341 4116 .
424 4058 596 4146 momenti,
614 4051 716 4124 Fnso
731 4067 841 4154 tamen
854 4055 1029 4153 Stedniclpi
1044 4055 1151 4120 civem
1166 3991 1403 4152 condecensem
1418 3993 1609 4122 collocatio
1626 4079 1645 4121 a
1658 4077 1740 4155 rege
1753 4053 1916 4123 casimiro
1931 4055 2096 4153 permissa

424 4154 489 4227 est,
502 4141 702 4210 chkonem
731 4141 877 4210 Divitem
892 4139 1049 4226 polonice
1066 4140 1190 4222 Bcocrz
1211 4136 1335 4205 dictum
1348 4139 1540 4226 appellavit,
1557 4163 1631 4211 nam
1647 4161 1688 4211 ex
1704 4161 1780 4226 ipso
1793 4148 1911 4206 maore
1926 4137 2094 4226 privilegii

423 4227 532 4296 nostri
550 4227 684 4308 scimus,
700 4225 879 4295 Antonium
893 4223 993 4290 tilium
1007 4223 1161 4304 loannis,
1182 4244 1251 4290 non
1265 4219 1429 4290 loannem
1457 4226 1632 4294 scultetum
1657 4223 1952 4311 Grynbergensem
1980 4241 2031 4294 ar

423 4313 627 4384 nominatum
642 4312 755 4380 fuisse.
788 4309 972 4380 Antonium
1000 4307 1087 4377 buno
1116 4307 1228 4375 tabula
1252 4316 1368 4374 nostra
1391 4308 1599 4390 „locatorem
1613 4309 1763 4376 villarum
1778 4331 1878 4394 super
1892 4303 2027 4380 fluvium

424 4405 514 4462 ctum
528 4395 654 4464 Bicla”
670 4395 824 4482 appellat
870 4393 1044 4464 Stodnicki
1063 4393 1158 4460 novit
1184 4392 1250 4460 hcc
1279 4399 1429 4458 nostrum
1443 4395 1520 4462 anni
1537 4397 1620 4462 1340
1634 4393 1845 4496 privilegium
1858 4391 1953 4482 qued
1963 4415 2007 4460 ex
2022 4393 2094 4476 eje·

424 4479 662 4550 dimertttione
702 4489 777 4550 aret
808 4479 935 4551 Nomen
953 4478 1050 4546 urbis
1061 4476 1217 4578 anbtry
1245 4473 1344 4540 brevi
1364 4485 1514 4563 tempore
1527 4479 1601 4564 ipsc
1616 4499 1674 4546 rex
1688 4471 2094 4562 casimiruspsrntuvir

424 4563 460 4634 in
473 4565 604 4661 modurn
628 4503 818 4652 polimitum
848 4589 921 4632 narn
936 4565 971 4628 in
986 4562 1051 4628 ulio
1066 4561 1242 4648 privilegio
1272 4579 1301 4623 a·
1319 4559 1401 4658 3365
1431 4563 1539 4628 eidem
1567 4562 1641 4628 urbi
1664 4563 1754 4645 dato,
1784 4563 1845 4626 ’am
1860 4557 2095 4659 hieremias&

420 4645 751 4810 sspppdglGrynlpppp
765 4657 999 4818 ‘lllulltljm
1015 4645 1189 4732 „Grybow
1203 4647 1385 4729 vulgenter
1400 4647 1637 4735 nuncupatae?
1659 4584 1978 4750 'teste'dttduiccim
2004 4641 2095 4725 (vide

571 4753 656 4803 trec
752 4784 761 4818 ,
919 4773 945 4801 κ.
1067 4755 1074 4763 ·
1109 4774 1123 4798 -.
1668 4753 1691 4807 .·
2054 4788 2060 4798 .
