4844 5936
988 683 1436 802 'v-rro-

467 889 728 1004 ncuidcrlcoff
740 887 1016 994 vendidimus,
1058 896 1102 971 et
1141 888 1366 974 vendimus
1406 896 1551 974 tenore
1571 880 1852 1002 'presencium
1892 889 2120 1000 mediante,

464 1011 775 1123 possessionem
814 1007 975 1092 realem
1018 1015 1061 1090 et
1099 1006 1367 1092 affectualem
1407 1007 1614 1112 eiusdem,
1651 1009 1754 1120 ipsis
1793 1011 2120 1122 consignantes,

464 1159 592 1244 quem
622 1127 799 1242 quidem
829 1153 1004 1211 censum
1034 1129 1252 1238 predictus
1283 1127 1487 1239 Magister
1516 1125 1547 1211 J
1549 1128 1736 1212 ohannes
1769 1127 2025 1242 Oswyuczym
2044 1129 2120 1216 Al-

460 1251 608 1333 tarista
638 1256 681 1330 et
711 1247 781 1357 alij
811 1274 887 1357 pro
919 1253 1110 1356 tempore
1155 1247 1344 1334 altariste
1384 1245 1527 1330 tollere
1565 1253 1610 1330 et
1649 1247 1836 1358 recipere
1878 1245 2118 1356 debebunt,

460 1367 734 1452 medietatem
756 1365 918 1450 scilicet
946 1392 1022 1475 pro
1053 1363 1162 1453 festo
1196 1367 1345 1453 Sancti
1374 1363 1604 1470 Michaelis,
1626 1373 1670 1450 et
1689 1369 1815 1452 aliam
1843 1368 2115 1456 medietatem

458 1516 535 1598 pro
567 1485 676 1571 festo
706 1485 862 1590 Pasce,
900 1485 1081 1592 tamdiu,
1122 1487 1256 1572 donec
1286 1485 1477 1595 predicta
1516 1511 1683 1570 summa
1726 1486 2034 1592 Trecentornm
2076 1499 2121 1573 et

458 1609 683 1721 sexaginta
713 1606 965 1690 florenorum
995 1603 1355 1719 hungariculium,
1386 1631 1570 1716 pennos
1601 1605 1670 1690 vel
1697 1614 1865 1694 nostros
1895 1633 2120 1694 successus

454 1755 536 1831 res,
566 1729 610 1810 in
626 1750 790 1808 'manus
820 1724 1104 1835 predictorum
1136 1725 1372 1812 Consulum
1401 1733 1610 1832 tanquam
1640 1733 1932 1836 patronorum,
1967 1723 2024 1808 ad
2053 1727 2118 1812 in·

453 1859 622 1960 tegrum
658 1841 783 1930 fuerit
812 1843 993 1932 exoluta.
1034 1843 1102 1929 Ita
1131 1853 1284 1948 tamen,
1316 1843 1431 1955 quod
1460 1844 1676 1952 predictus
1711 1844 1920 1956 Magister
1949 1842 2116 1930 ‹Iohan-

458 1988 534 2054 nes
566 1963 790 2070 Altarista,
823 1973 866 2048 et
896 1963 963 2074 alij
995 1991 1085 2074 pro,
1101 1971 1290 2076 tempore
1321 1961 1510 2047 altariste
1550 1988 1719 2048 omnem
1760 1991 1907 2048 casum
1949 1960 2115 2049 fortune

412 2119 415 2126 ’
460 2088 659 2189 aduenae,
690 2083 726 2167 si
761 2109 845 2194 que
881 2080 999 2198 (sic),
1031 2084 1147 2195 quod
1169 2083 1283 2166 deus
1315 2091 1500 2186 auertat,
1530 2081 1598 2166 vel
1628 2084 1683 2167 ab
1713 2083 1835 2195 igne,
1875 2081 1941 2166 vel
1970 2081 2114 2192 aliquo

378 2233 382 2246 ’
459 2207 541 2294 alio
572 2201 838 2289 incommodo
872 2202 1071 2307 evenerit,
1102 2209 1146 2286 et
1174 2200 1490 2288 reformacionis
1513 2203 1764 2306 necessarie,
1796 2227 1883 2315 quo
1904 2202 1961 2284 ad
1982 2229 2120 2314 quan·

348 2391 352 2403 .
456 2328 625 2412 titatem
655 2349 816 2406 summe
848 2347 1000 2405 census
1038 2321 1217 2430 predicti
1255 2321 1461 2431 equaliter
1499 2319 1609 2405 ferre
1651 2319 1820 2405 debent.
1878 2320 1961 2405 Pro
1996 2328 2116 2406 tanto

455 2445 534 2532 tibi
566 2441 782 2532 Generoso
812 2439 992 2525 Martino
1027 2439 1310 2552 Borzimozoslcj
1350 2440 1619 2528 Procuratori
1655 2447 1796 2525 nostro
1829 2439 2116 2546 Oracouiensi,

298 2619 302 2626 ·
458 2573 502 2652 et
532 2563 623 2672 alijs
662 2588 738 2672 pro
769 2569 956 2671 tempore
1000 2559 1365 2670 procuratoribus,
1407 2567 1620 2672 quatenus
1659 2559 1713 2641 de
1750 2559 1941 2668 predicto
1984 2585 2117 2642 censu
2221 2563 2230 2570 '

457 2681 682 2769 duodecim
710 2705 947 2764 marcarum
979 2679 1038 2763 eis
1067 2679 1359 2790 respondeatis
1389 2691 1433 2764 et
1452 2677 1697 2792 responderj
1718 2675 1886 2762 faciatis
1916 2704 1992 2790 pro
2016 2705 2117 2790 gra·
2208 2723 2211 2728 .

459 2805 526 2889 cia
555 2809 711 2887 nostra.
757 2799 919 2884 Datum
952 2794 1139 2883 Craoouie
1176 2797 1281 2884 feria
1324 2797 1474 2908 quinta
1515 2797 1625 2883 infra
1667 2807 1845 2882 octauas
1876 2796 2113 2908 Epiphanio

437 2905 626 3026 domini,
642 2947 753 3005 anno
775 2919 864 3030 ejus
886 2918 1102 3004 millesimo
1124 2917 1544 3032 quadringentesimo
1564 2918 1844 3030 nonagesimo
1866 2918 2007 3026 tercio,
2029 2915 2114 3004 Re-

461 3042 537 3154 gni
555 3041 688 3126 nostri
708 3064 817 3125 anno
837 3037 983 3152 primo.
1105 3075 1109 3082 ·

296 3300 308 3452 p
565 3275 617 3370 G.
640 3274 1018 3366 vicecancellarius
1039 3237 1300 3390 subscripsit.
1365 3299 1386 3316 ·“
1431 3371 1435 3378 ,
1517 3297 1521 3312 ’
2112 3363 2119 3374 -

1133 3497 1135 3504 ,
1396 3411 1572 3498 Relacio
1588 3407 1850 3496 Venerabilis
1860 3407 2053 3524 Gregorij
2065 3407 2116 3492 de

150 3547 153 3556 -
228 3411 339 3682 ss
862 3539 866 3548 ·
1309 3530 1590 3670 ,nostrane
1617 3529 1669 3622 R.
1690 3531 1736 3617 P.
1759 3527 2115 3638 vicecancellarii.
