4844 5936
747 909 1059 1027 tuntum
1112 911 1203 1026 Ill.
1235 909 1671 1030 0011111οΕ104.

388 1287 513 1375 Pagina
535 1290 566 1368 3,
588 1290 671 1354 linea
693 1292 742 1376 30,
767 1291 908 1368 Pudicis,
931 1293 996 1379 lepe
1019 1291 1143 1357 PudicI.

409 1375 459 1438 la.
482 1375 555 1439 Lin.
571 1379 600 1440 4.
617 1377 649 1439 in
667 1381 839 1442 summario
857 1378 983 1442 tabulae
1000 1376 1199 1462 parenthesis
1215 1377 1370 1443 deleatur.

410 1460 459 1522 15.
483 1460 662 1525 Annotatio
676 1463 725 1526 10.
738 1461 892 1528 Fortasse
909 1462 1097 1526 deecclesia
1111 1463 1143 1526 in
1155 1463 1362 1550 Zror'erzym'ec
1377 1463 1461 1548 apud
1474 1463 1671 1539 cracoviam,
1689 1463 1799 1529 tabula
1813 1464 1966 1548 loquitur.
1977 1467 2027 1531 De

491 1545 630 1612 ecclesia
644 1545 935 1632 Zwierzyniecensi
950 1546 1034 1626 conl.
1050 1550 1290 1614 annotationem
1306 1571 1383 1634 pag.
1401 1550 1442 1613 70
1455 1547 1548 1632 hujus
1564 1549 1644 1614 tomi
1660 1547 1801 1616 Codicis.

406 1629 457 1692 35.
481 1629 638 1696 Annotat.
657 1635 705 1708 153
721 1634 753 1695 in
769 1631 916 1697 confiniis
933 1631 1075 1712 &aaa
1090 1631 1161 1714 lege
1179 1631 1338 1698 Pruasr'oe.

409 1714 458 1777 36.
482 1713 642 1779 Annotat.
656 1717 706 1793 343
723 1738 762 1780 ex
777 1715 887 1782 liberis
904 1716 1141 1802 manuscriptis,
1157 1717 1232 1802 loge
1248 1741 1288 1782 ex
1303 1718 1393 1783 libra
1406 1713 1644 1804 manuscriptis.

408 1799 459 1864 38.
484 1798 627 1863 Tabulae
643 1822 812 1886 perperam
827 1824 978 1866 numerus
1008 1801 1112 1866 adseri
1138 1813 1202 1883 tus,
1217 1824 1276 1886 pro
1292 1802 1413 1885 „XX”
1429 1803 1502 1889 lege
1516 1803 1656 1884 „XXL”
1673 1803 1761 1868 Idem
1776 1825 1867 1868 error
1883 1825 1957 1890 pag.
1974 1805 2025 1868 41.

492 1883 618 1949 Tabula
647 1885 731 1952 XXI
765 1887 903 1952 debebat
928 1907 999 1952 esse
1021 1887 1099 1952 XX.
1116 1825 1225 1952 Xeries
1241 1886 1469 1972 chronologica
1484 1911 1548 1952 uon
1565 1896 1704 1971 servata,
1721 1889 1830 1959 tabula
1847 1888 1919 1953 anni
1938 1891 2029 1965 1743,

490 1969 577 2056 typis
589 1971 675 2035 edita
689 1971 767 2036 male
783 1985 856 2036 ante
871 1971 1011 2036 tabulam
1026 1973 1099 2036 anni
1116 1973 1207 2036 1743.

411 2052 461 2114 43.
486 2055 643 2120 Annotat.
661 2059 679 2121 5
696 2079 753 2140 pro
771 2057 941 2131 „dabimus
956 2057 1042 2120 intra
1057 2055 1116 2122 sub
1134 2079 1163 2122 a.
1181 2055 1281 2121 1745”
1296 2057 1369 2142 lege
1385 2056 1468 2132 „sub
1483 2079 1565 2121 anno
1583 2061 1674 2123 1354.
1691 2057 1765 2123 Nro.
1781 2057 1964 2124 XXVIII.''

412 2137 462 2202 50.
474 2139 629 2204 Annotat.
640 2143 666 2203 6.
676 2141 730 2206 Ad
739 2142 851 2205 malam
863 2141 1119 2207 informationem
1128 2163 1297 2227 perperam
1307 2141 1453 2223 diximus,
1463 2139 1614 2207 Ottonem
1625 2143 1664 2207 de
1673 2143 1882 2228 Zdyszowioe
1890 2146 2029 2232 primum

492 2224 710 2310 praelaturam
733 2226 993 2292 sandomiriensis
1016 2225 1158 2312 capituli,
1185 2227 1284 2308 vulgo
1309 2227 1486 2292 cantoriam
1502 2227 1632 2306 dictam,
1654 2229 1804 2293 fundasse
1828 2231 2027 2316 temporibus

494 2309 650 2376 VladIslai
666 2311 854 2396 dagellonis.
883 2312 963 2375 Nam
979 2317 1124 2377 cantores
1140 2310 1406 2377 sandomirienses
1427 2313 1460 2376 in
1472 2311 1541 2376 aliis
1559 2312 1678 2378 tabulis
1689 2312 1827 2400 legimus
1834 2317 1902 2397 jam
1918 2314 2026 2380 seculo

494 2395 587 2479 XIII,
601 2418 632 2459 v·
649 2417 680 2480 g.
696 2395 856 2464 Gozlaum
872 2395 911 2460 de
926 2396 1086 2462 Zudomer
1102 2417 1129 2462 a.
1148 2398 1227 2461 1221
1244 2409 1276 2460 et
1291 2396 1524 2462 Trardoslaum
1537 2419 1566 2460 a.
1585 2399 1663 2462 1271
1679 2400 1745 2480 jam
1760 2400 1793 2463 in
1810 2411 1923 2465 nostro
1941 2400 2026 2484 Ray·

495 2483 730 2547 szoaewsciano
748 2478 879 2562 Codice,
895 2483 1037 2567 priorum
1051 2489 1211 2546 tomorum
1227 2480 1419 2548 invenimus.
1431 2478 1573 2548 Goslaus
1588 2481 1673 2546 idem
1692 2483 1779 2564 apud
1795 2479 2024 2567 Gladyszewi-

492 2565 553 2630 czii
580 2554 716 2650 „Zywot
733 2566 821 2651 blog.
838 2565 1022 2652 Prandoty'’
1039 2587 1068 2630 a.
1086 2568 1168 2630 1220
1181 2566 1309 2650 legitur.
1341 2567 1522 2632 Nassonem
1535 2589 1614 2631 vero
1630 2570 1821 2635 canonicum
1838 2569 2027 2635 cracovien-

493 2671 560 2716 sem
575 2663 608 2715 et
623 2659 787 2715 cantorem
803 2649 1087 2716 sandomiriensem
1102 2649 1308 2716 doctissimus
1322 2650 1489 2732 Letowslri
1507 2652 1678 2736 episcopus
1691 2652 1713 2719 J
1716 2653 1868 2739 oppansis
1883 2653 1916 2718 in
1932 2676 2026 2740 praa-

494 2734 673 2801 clariasimo
698 2755 795 2821 opere
822 2756 891 2801 suo:
925 2733 1088 2821 „llatalog
1114 2735 1294 2823 bisknpdw,
1324 2735 1482 2820 pralatdw
1508 2735 1518 2799 i
1544 2737 1743 2803 kanonikdw
1769 2737 2025 2804 kralowskiehss’

491 2819 531 2886 T.
546 2819 649 2885 III.in
665 2819 797 2906 capituli
827 2819 958 2884 archivo
987 2819 1119 2886 invenit.
1160 2818 1272 2904 Itaque
1303 2819 1380 2888 Otto
1410 2820 1449 2886 de
1464 2819 1670 2906 Zdyszowice
1699 2822 1808 2888 dotem
1823 2822 2028 2908 praelaturae

370 2945 374 2950 -
493 2905 593 2981 auxit,
623 2927 688 2970 non
704 2916 809 2969 autem
846 2904 998 2970 lundator
1026 2905 1097 2971 fuit.

413 2995 461 3059 67.
483 2991 642 3056 Annotat.
654 2989 791 3054 -linea
803 2989 1077 3078 penultima-pro
1094 2991 1202 3070 „confi
1218 2989 1419 3075 privilegium
1435 2989 1511 3056 LX.
1527 2989 1621 3056 Tomi
1635 2990 1662 3056 1.
1680 3009 1753 3070 etos
1768 2991 1836 3077 lege
1852 2993 2029 3078 „scalpri-

492 3075 645 3162 vilegium
659 3076 730 3142 LV.
746 3074 842 3139 Tomi
857 3072 901 3138 I.”
917 3084 979 3140 etc.

411 3165 462 3230 83.
486 3163 523 3228 In
538 3161 754 3228 annotationis
769 3160 828 3224 lae
842 3159 926 3234 linea
940 3161 972 3225 3.
984 3181 1045 3245 pro
1061 3159 1267 3245 „navignim”
1283 3160 1353 3245 lege
1368 3159 1582 3248 „navigium”

367 3280 370 3284 ·
414 3251 464 3315 07.
487 3247 571 3316 Ann.
589 3250 616 3310 1.
632 3249 688 3312 lin.
706 3249 735 3310 7.
751 3268 811 3332 pro
829 3244 1037 3329 „Scepusea”
1052 3243 1124 3329 lege
1139 3245 1348 3328 „Scepusia”

395 3335 464 3399 107.
487 3334 610 3398 Annot.
627 3334 657 3396 1.
673 3331 717 3395 lin
732 3334 761 3397 5.
772 3351 839 3482 pro
855 3327 1030 3412 „Pudicis”
1044 3327 1117 3415 lege
1133 3330 1301 3412 „Punica”

396 3420 467 3482 122.
489 3417 591 3482 Linea
607 3420 657 3482 15.
673 3441 732 3503 pro
749 3466 769 3495 „
802 3413 913 3482 estco”
929 3414 1019 3499 legas
1035 3415 1194 3490 „Leaen”

394 3504 468 3568 135.
492 3501 671 3568 Annotatio
688 3505 726 3566 la
740 3501 822 3567 linea
834 3503 864 3566 5.
879 3523 940 3585 pro
957 3499 1212 3574 „doctissimus”
1225 3500 1313 3587 legas
1328 3499 1580 3577 „doctissimIs”

398 3589 469 3652 155.
491 3587 595 3652 Linea
611 3589 661 3650 11.
688 3587 942 3670 Transumptum
957 3580 1106 3650 Casimiri
1123 3582 1238 3670 Magni
1249 3586 1321 3651 anni
1336 3595 1386 3650 est
1402 3589 1484 3651 1344
1499 3609 1562 3650 non
1579 3584 1672 3665 1348,
1688 3592 1723 3648 ut
1750 3584 1880 3668 legitur·
1895 3587 2028 3671 impres·

458 3705 468 3726 s
499 3693 578 3736 sum.
616 3671 704 3736 Idem
720 3695 811 3737 error
827 3669 1039 3754 corrigendus
1052 3679 1101 3735 est
1116 3671 1226 3735 eudem
1243 3673 1359 3756 pagina
1384 3691 1467 3737 vers.
1486 3673 1534 3736 16.
1549 3671 1665 3736 Annus
1680 3671 1764 3734 enirn
1781 3694 1843 3734 non
1861 3672 1942 3738 1340
1968 3671 2027 3736 sed

499 3758 579 3820 1344
595 3756 749 3842 legendus
764 3766 820 3821 est.

392 3842 465 3908 230.
488 3841 560 3906 Lin.
576 3842 595 3904 3
612 3843 830 3907 annotationis
846 3863 904 3926 pro
920 3838 1081 3918 „Nostra”
1097 3839 1169 3924 lege
1184 3839 1345 3920 „nostra”

394 3929 465 3994 253.
487 3926 697 4013 Privilegium
713 3928 777 3992 Nro
795 3924 909 3992 CXIX
923 3927 998 3990 anni
1013 3935 1062 3989 est
1078 3925 1169 3998 1358,
1190 3948 1254 3989 non
1271 3937 1374 3990 autem
1390 3925 1465 3990 anui
1483 3925 1573 3989 1348.

394 4013 464 4078 376.
487 4011 558 4076 Lin.
575 4013 605 4075 9.
623 4037 682 4098 pro
698 4012 891 4094 „Muchael”
907 4013 995 4096 legas
1009 4008 1200 4091 „Miehuet”

395 4094 466 4159 377.
490 4095 527 4158 In
543 4100 751 4164 annotatione
768 4096 832 4170 ..ed
844 4096 915 4164 est”
930 4095 995 4180 leg.
1011 4093 1160 4177 „idest”

393 4179 467 4246 303.
489 4180 612 4244 Annot.
629 4183 702 4258 ada,
715 4203 790 4266 post
807 4183 951 4267 „prima”
967 4180 1110 4246 deleatur
1124 4191 1291 4279 punctum.

499 4262 583 4329 Sunt
598 4267 768 4331 nonnullae
783 4268 1010 4332 annotationes
1027 4265 1067 4330 ad
1084 4288 1207 4352 priores
1237 4265 1411 4352 praecipue
1428 4262 1556 4330 tabulas
1585 4263 1680 4350 hujus
1711 4265 1789 4330 tomi
1819 4265 2026 4350 pertinentes,

499 4367 582 4430 quae
613 4348 652 4412 de
667 4349 804 4434 Josephi
818 4351 1030 4437 Lepkowscii
1046 4351 1078 4414 in
1093 4350 1245 4418 Codieem
1272 4360 1414 4416 nostrum
1432 4350 1553 4416 meritis
1572 4363 1760 4426 memorant,
1777 4349 1928 4432 illumque
1939 4351 2027 4416 Leb-

498 4431 678 4497 kowscium
693 4434 869 4519 appellant,
885 4435 941 4500 sed
956 4435 1049 4501 falso.
1077 4437 1200 4501 Lector
1222 4435 1394 4500 benevolus
1411 4456 1552 4498 errorem
1568 4435 1653 4500 bunc
1677 4436 1825 4500 omnibus
1842 4433 1933 4506 locis,
1955 4435 2026 4520 qui·

501 4518 560 4584 bus
575 4517 746 4596 invenitur,
758 4522 909 4606 corrigat.

540 4604 666 4674 Pareat,
683 4625 882 4687 quaesumus.
903 4603 974 4668 aliis
991 4603 1109 4669 nostris
1126 4607 1289 4672 erroribus
1307 4601 1608 4687 omissionibusque.

541 4687 742 4774 Corrigenda
757 4687 840 4753 enim
856 4708 937 4770 quae
951 4687 1031 4752 haec
1049 4700 1162 4754 nostra
1186 4691 1314 4756 exhibet
1339 4693 1467 4777 pagina,
1484 4711 1568 4752 nunc
1595 4697 1717 4752 tantum
1747 4687 2026 4773 deprehendimus,

497 4775 726 4858 nonnullasque
753 4772 1008 4858 praetermittere
1036 4795 1215 4857 possumus.
1266 4776 1449 4861 Archetypa
1490 4774 1732 4839 accuratissime
1768 4797 1787 4837 a
1817 4774 1909 4840 nobis
1939 4776 2026 4860 typis

498 4871 574 4926 aunt
605 4857 777 4941 descripta,
805 4857 1038 4942 maximamque
1070 4881 1178 4924 curam
1208 4861 1434 4948 insumpsimus
1471 4869 1506 4921 ut
1533 4860 1759 4934 auctoritatem
1787 4859 2025 4945 diplomaticam

497 4967 622 5010 omnem
639 4943 749 5011 codici
763 4943 881 5010 Nostro
898 4944 1056 5010 daremus.

1029 5063 1361 5078 W
