4844 5936
1040 717 1314 792 -481-
1421 779 1422 784 ,

453 917 542 1004 Nos
561 917 691 1030 igitur
711 915 943 1003 Oanimirus
962 944 1036 1002 rex
1055 917 1244 1030 prefatus
1271 914 1545 1028 pennantur
1579 915 1753 1029 prefatis
1790 926 1994 1032 tanquam

351 1037 473 1124 iustis
495 1046 539 1123 et
556 1035 875 1124 rationabilibus
896 1034 1133 1149 benigniter
1153 1045 1384 1124 annuentes
1425 1034 1695 1150 Psvibgium
1714 1040 1992 1148 prescriptum

350 1158 393 1240 in
414 1153 605 1243 omnibus
624 1157 711 1240 suis
732 1155 900 1265 punntis
930 1157 1135 1268 ospitalis,
1163 1155 1345 1241 artioulis
1378 1155 1574 1244 clausulis
1610 1163 1654 1242 et
1685 1156 1994 1244 conditionibus

353 1276 572 1360 universis.
603 1273 663 1358 Et
681 1284 807 1386 prout
824 1275 950 1360 modo
970 1285 1225 1362 memoratus
1244 1273 1395 1360 Abbas
1417 1273 1616 1387 oppidum
1635 1272 1847 1385 prefatum
1862 1285 1991 1364 tenet.

352 1391 497 1484 habet.
519 1421 571 1478 ao
590 1392 795 1505 possidet
817 1393 870 1478 da
890 1393 1155 1506 benignitate
1173 1402 1319 1484 nostra
1334 1393 1489 1507 Regia.
1515 1391 1785 1482 ratificamus.
1818 1394 1993 1484 innova·

350 1537 457 1614 mus.
477 1512 736 1598 roboramus
759 1521 803 1601 et
820 1515 1026 1624 presentis
1061 1515 1205 1626 seripti
1223 1515 1455 1625 patrocinio
1491 1511 1800 1600 confirmamus.
1834 1513 1993 1600 Denar-

351 1641 499 1716 nentes
519 1631 622 1718 illud
639 1629 766 1718 robur
781 1640 986 1744 perpetue
1002 1630 1210 1720 firmitate
1227 1632 1429 1719 obtinere.
1461 1631 1624 1718 Harum
1643 1631 1797 1740 quibus
1812 1630 1993 1744 sigillum
2012 1646 2016 1652 '

277 1751 283 1776 ‘
351 1759 538 1836 nostrum
558 1760 625 1833 est
643 1777 878 1864 appensum
898 1751 1136 1838 testimonio
1170 1753 1397 1838 literarum.
1448 1749 1607 1836 Actum
1646 1751 1851 1838 Oraoovie
1889 1749 1995 1838 feria

351 1878 506 1981 quarta
523 1870 713 1980 proxima
732 1879 831 1980 post
849 1865 1007 1955 festum
1029 1867 1176 1965 Sancti
1195 1870 1410 1955 Franoieoi
1441 1868 1716 1958 Oonfeeaoris.
1759 1869 1886 1962 Anno
1918 1871 1993 1956 do-

352 1989 453 2072 mini
472 1987 692 2072 Millesimo
714 1988 1144 2101 quadringentesimo.
1166 1991 1522 2103 quinquagesimo
1542 1998 1675 2076 sexto.
1721 1987 1992 2077 Presentibua
2127 2065 2131 2070 .

349 2105 506 2191 ibidem
527 2107 779 2192 Reuerendo
800 2108 844 2190 in
865 2105 1033 2194 Christo
1053 2117 1176 2218 patre
1197 2109 1363 2194 domino
1385 2107 1553 2194 Thoma
1573 2107 1640 2194 dei
1654 2109 1795 2219 gratia
1814 2109 1994 2219 Episco-

349 2252 417 2334 po.
449 2225 541 2310 Nee
561 2249 646 2310 non
665 2225 904 2338 Magnifiois
944 2234 988 2308 et
1008 2223 1233 2314 Generoeie
1266 2224 1435 2312 Joanna
1472 2227 1526 2340 de
1556 2222 1707 2336 Cryzow
1751 2226 1992 2314 (lashllano

23 2407 24 2456 3
182 2405 188 2408 -
350 2355 394 2428 et
414 2345 661 2454 Oapitaneo.
703 2343 872 2429 Joanne
894 2345 947 2428 de
968 2343 1183 2458 Tbaaorijn
1202 2344 1395 2431 Palatino
1417 2331 1706 2432 OraoovieneiJ
1736 2345 1917 2434 Onaslao
1939 2346 1992 2430 de

351 2459 616 2575 Caronounks'j
651 2462 894 2550 Castellano
933 2461 1207 2574 Lublijnensi.
1257 2463 1430 2550 Creslao
1479 2459 1682 2576 Wotsnssc
1718 2464 1773 2552 de
1819 2462 1993 2576 Νομία

351 2580 668 2668 Suaeamerario
698 2581 873 2668 Nioolao
911 2577 1244 2694 Cbraonstloeosloj
1268 2580 1467 2668 Tribunos
1480 2582 1763 2688 Oranoviensi,
1795 2591 1840 2672 et
1858 2581 1994 2669 Joan·
2108 2606 2111 2612 ·

321 2719 403 2782 'ne
427 2695 683 2813 Canopulbroa
718 2700 769 2784 de
801 2700 1045 2784 Lauzaelrno
1082 2701 1397 2788 Sueoamerario
1425 2700 1677 2788 Lublinensi
1696 2709 1739 2788 et
1758 2699 1994 2814 (lapitaneo

349 2818 590 2904 Ohelmensi
611 2818 764 2930 etalijs
786 2819 1123 2933 quampluribus
1153 2819 1333 2905 neotus
1351 2820 1465 2904 oboa
1485 2823 1700 2930 premissa.
1740 2819 1900 2908 Datum
1917 2849 1993 2932 par

347 2965 496 3020 manus
518 2938 753 3024 Reuerendi
768 2939 899 3050 patris
917 2939 1073 3022 domini
1092 2939 1270 3034 loannis
1285 2937 1522 3024 Luthkonis
1553 2939 1605 3024 de
1636 2939 1823 3052 BraenJe.
1858 2941 1992 3028 utriu-

347 3082 453 3166 sque
465 3055 586 3141 'Juris
605 3056 790 3144 doctoris
811 3056 930 3143 Sacri
943 3054 1104 3169 Palaeij
1124 3058 1358 3170 Apostolioi
1377 3083 1599 3142 causarum
1620 3059 1820 3148 auditoris
1840 3056 1991 3144 Arabi·

348 3177 513 3260 diaconi
536 3171 799 3263 Gnennensis
820 3186 865 3260 et
877 3176 1014 3290 Regni
1035 3176 1205 3263 Polonie
1228 3169 1570 3286 Vioeoanoellarij
1591 3204 1765 3288 syncera
1784 3179 1905 3268 nobie
1928 3177 1992 3264 di·

349 3294 458 3377 lecti.
498 3292 664 3381 Relatio
679 3293 939 3380 Venerabilis
961 3295 1137 3381 loannis
1169 3297 1223 3381 de
1243 3293 1401 3381 Bezaar'e
1420 3295 1638 3404 utriusque
1658 3293 1775 3382 turis
1798 3295 1991 3386 doctoris.

348 3410 481 3520 Saorij
502 3411 658 3522 palaoij
677 3413 911 3524 Apostolioi
931 3441 1155 3500 causarum
1191 3416 1390 3501 auditoris
1411 3412 1709 3502 Archidiaooni
1729 3412 1990 3504 Gnennensie

345 3529 395 3617 R.
432 3529 478 3614 P.
510 3529 858 3644 Vieeoaneellarij.
938 3565 940 3572 ⁴
1055 3605 1060 3616 .

452 3651 576 3736 1505.
599 3649 731 3735 Ouius
754 3651 925 3764 quidem
941 3651 1200 3739 Venerabilis
1221 3651 1399 3740 Joannis
1415 3649 1598 3740 Abbatis
1612 3650 1990 3762 supplicationibus

344 3769 435 3854 Noe
454 3767 694 3853 Alexander
713 3769 805 3856 Rex
824 3769 1025 3882 prefabns.
1045 3783 1249 3886 tanquam
1263 3772 1384 3856 iustis
1398 3769 1640 3884 benigniter
1654 3768 1848 3859 aeolinati
1856 3771 1991 3861 Privi-

343 3885 499 4000 leginm
511 3890 787 3998 preinsertum
801 3888 845 3972 in
861 3891 1053 3977 omnibus
1071 3892 1257 3975 eiusdem
1271 3890 1441 4001 punctis
1457 3887 1780 3978 uenditionibus.
1794 3890 1988 3976 elausulie

349 4016 391 4088 et
411 4005 612 4096 artioulis.
628 4015 784 4092 ratim.
805 4007 971 4094 firmum
987 4019 1030 4094 et
1051 3996 1216 4124 gratum
1232 4007 1437 4096 habentes
1454 4007 1657 4121 dagraba
1674 4019 1818 4096 nostra
1836 4035 1988 4122 appro-

345 4125 552 4208 bavimus.
580 4125 921 4213 confirmavimus
954 4139 998 4214 et
1015 4129 1328 4234 ratificavimus,
1361 4128 1735 4240 approbamusque
1767 4129 1989 4214 confirma

344 4267 437 4324 mos
460 4252 505 4324 et
521 4242 779 4329 ratificamus
805 4257 953 4337 tenore
972 4251 1228 4358 presentium
1258 4246 1504 4333 mediante..
1527 4247 1813 4350 Deoernantes
1847 4248 1985 4358 ipsum

345 4357 473 4444 robur
491 4368 696 4471 perpetuo
713 4361 920 4450 firnnitatis
942 4367 1152 4454 obtinere..
1191 4367 1243 4452 In
1264 4368 1387 4451 ouius
1410 4369 1471 4452 rai
1491 4367 1772 4453 testbnonium
1805 4363 1986 4478 sigillum

344 4613 416 4682 pro:
434 4591 532 4691 Quart
547 4591 862 4694 gnoseos-vere
876 4603 906 4665 4.
922 4621 997 4686 pro:
1011 4604 1117 4674 raam,
1134 4599 1371 4668 etiam.-Vers
1386 4601 1504 4698 ingrat
1532 4597 1664 4698 Domini
1681 4545 1875 4677 'Molliborirss
1915 4597 1984 4666 Da·

342 4699 428 4744 mum
438 4675 774 4764 Molosson-Pro:
788 4685 894 4768 aeia,
913 4683 1146 4752 tonus-Pro:
1165 4685 1356 4835 Tynnanrir,
1372 4681 1746 4768 Thamanon-vera
1762 4684 1792 4751 9.
1806 4702 1878 4772 pro:
1897 4681 1983 4774 Opo-

324 4765 452 4882 forrier,
468 4761 862 4849 oppansione-vers
879 4771 928 4835 lo.
951 4789 1022 4856 pro:
1038 4767 1185 4838 Polonica
1198 4771 1236 4848 ir,
1258 4765 1408 4835 Poloniai
1422 4778 1485 4834 eto.

1734 4872 1774 4940 61
