4930 5922
1104 723 1374 822 ¹mer--

311 945 316 961 “
344 1013 358 1028 ,
413 920 678 1014 uohrbidtate
694 919 918 1032 temporis,
939 945 1069 1032 opere
1088 921 1278 1031 precium
1301 931 1385 1026 est,
1413 923 1466 1006 'nt
1483 945 1592 1008 uooe
1612 921 1784 1008 tendum
1804 926 1875 1012 uel
1893 928 2083 1017 testimo·

413 1049 483 1132 nio
503 1033 677 1156 epio'um
695 1042 1028 1152 perhennentur.
1056 1042 1158 1126 'Nos'
1178 1038 1573 1150 itaque-Bolezlaus
1597 1039 1664 1124 dei
1685 1044 1833 1154 grecia
1852 1046 1955 1145 Dux
1975 1049 2082 1134 Ore,-
2174 1033 2181 1038 ’

413 1164 537 1248 eonio
559 1173 602 1244 et
623 1159 1017 1262 Sandoinirie,·una
1037 1186 1135 1241 eum
1157 1159 1311 1244 dilecta
1332 1161 1514 1268 coniuge
1536 1169 1682 1246 nostra
1704 1161 1974 1275 Ounegunda
1994 1177 2082 1252 ter-

332 1349 333 1353 ,
413 1307 556 1364 rerum
578 1276 1048 1390 duaissapreietarnm,
1070 1277 1125 1359 ed
1147 1277 1406 1385 presentium
1425 1277 1749 1392 futurorumque
1768 1329 1771 1335 ·
1788 1278 1983 1364 volumus
2003 1310 2082 1368 no·

413 1400 553 1482 titium
587 1397 811 1498 deuenire,
846 1394 1065 1504 quomodo
1090 1393 1376 1480 habitabona
1397 1423 1449 1478 ao
1469 1396 1960 1483 masnadeliberatione
1983 1428 2080 1484 eum

414 1541 629 1602 eonsensu
650 1515 809 1599 domini
828 1511 1029 1622 Hugonis
1051 1510 1241 1618 abbatis,
1263 1515 1482 1626 totiusque
1518 1525 1755 1602 conventus
1778 1515 1831 1598 de
1853 1515 2079 1632 Andreyov,

412 1661 494 1719 neo
513 1661 603 1718 non
623 1633 791 1741 cenobij
815 1630 1021 1734 eiusdem,
1048 1632 1343 1715 animadverso
1365 1629 1534 1718 Rinoldi
1554 1630 1687 1718 nostri
1708 1633 1812 1715 ciuis
1832 1637 2082 1718 ersoouieu-
2227 1721 2239 1738 ,

413 1756 471 1838 sis
491 1743 705 1860 frequenti
738 1747 911 1832 seruitio
954 1755 998 1829 et
1033 1749 1166 1852 fideli,
1202 1749 1395 1833 dedimus
1431 1761 1474 1832 et
1503 1752 1758 1836 contudimus
1789 1748 1871 1835 sibi
1906 1753 2085 1862 suisque

412 1867 734 1954 suecessoribus
752 1865 895 1950 villam
917 1865 1130 1979 wlgariter
1150 1865 1374 1979 Burdew)
1390 1877 1695 1974 nuncupatam,
1721 1867 1854 1951 libere
1873 1877 1916 1951 et
1934 1869 2081 1978 quiete
2138 1923 2151 1952 e
2312 1963 2321 1974 Ι

390 1983 774 2072 ‘ime‘hereditario
794 1983 1108 2094 possidendam,
1124 2012 1223 2067 enm
1240 1986 1374 2094 agris,
1391 1981 1647 2086 molendino,
1667 1987 1799 2094 pratis
1821 1995 1865 2071 et
1885 1983 2083 2071 omnibns

412 2103 581 2206 usibus,
604 2129 692 2212 que
709 2101 770 2188 ibi
791 2110 894 2184 sunt
911 2101 980 2186 vel
998 2113 1098 2212 poet
1137 2101 1311 2185 modum
1345 2101 1438 2186 fieri
1471 2103 1662 2212 poterint
1691 2131 1766 2212 per
1802 2103 1935 2212 ipsius
1955 2104 2083 2186 indir-

412 2225 555 2308 eniam
575 2221 835 2331 prouentmi.
865 2218 1204 2304 ‘Constituentee
1224 2221 1364 2328 ipsum
1385 2241 1514 2330 super
1534 2221 1727 2330 predicta
1747 2219 1847 2304 villa
1866 2245 2015 2303 verum
2037 2228 2086 2302 et·

410 2333 667 2452 legittimum
687 2337 889 2422 heredem
909 2347 954 2420 et
971 2363 1073 2423 suos
1095 2333 1386 2423 succedaneos
1406 2349 1506 2446 post
1517 2340 1676 2448 ipsum.
1713 2340 1795 2422 Pro
1817 2337 1902 2418 hat
1923 2351 2080 2440 autem,

370 2459 514 2544 willa
546 2458 841 2568 prenominata
875 2453 1033 2538 Bezdeu
1070 2457 1265 2538 dedimus
1300 2454 1544 2564 supradicto
1580 2454 1745 2541 Abbati
1783 2453 1828 2535 in
1864 2454 2082 2536 cambium

357 2595 360 2602 '
416 2579 524 2660 duae
544 2567 966 2685 villaefludeytpc)
987 2573 1197 2657 videlieet.
1214 2601 1312 2656 eum
1338 2574 1598 2676 molendino,
1672 2575 1759 2660 uod
1788 2571 1947 2678 ibidem
1987 2599 2079 2654 me-

371 2691 563 2780 '.teriem
582 2691 683 2774 ferri
702 2717 888 2774 messem
909 2693 951 2771 in
973 2689 1173 2801 quam(?)
1196 2691 1288 2773 siue
1329 2694 1547 2806 metallum
1586 2603 1723 2795 mdis,
1767 2695 1809 2774 et
1832 2718 1946 2772 oum
1987 2690 2081 2798 elijs
2172 2711 2176 2718 ·

411 2811 559 2897 usibus
591 2819 635 2892 et
662 2807 925 2920 pertinentijs
956 2807 1067 2892 siout
1097 2819 1181 2912 est,
1216 2808 1396 2892 taberna
1428 2819 1472 2894 et
1498 2811 1750 2894 uenationes
1793 2817 2007 2892 castorum
2021 2814 2083 2888 -et
2159 2901 2163 2910 .

411 2959 510 3014 cum
539 2926 687 3010 usibus
720 2953 848 3036 apum
877 2923 954 3010 ubi
982 2925 1109 3009 mella
1147 2927 1423 3036 proueniunt,
1455 2930 1529 3042 qui
1562 2952 1661 3012 usus
1700 2927 1913 3038 vulgariter
1954 2923 2080 3010 Burei

410 3047 671 3149 nominatur,
707 3073 788 3128 neo
823 3070 909 3128 non
946 3051 989 3126 et
1024 3043 1113 3153 alijs
1150 3043 1439 3130 runfruotibus
1477 3043 1575 3159 (sio)
1614 3045 1957 3156 quibuscumque
1995 3072 2080 3156 que

282 3171 288 3178 ’
411 3164 470 3248 ibi
492 3172 610 3267 sunt,
630 3163 700 3246 uel
720 3170 819 3272 post
837 3161 1011 3245 modum
1029 3163 1218 3272 poterint
1246 3165 1489 3276 provenire,
1525 3161 1778 3268 contulimus
1799 3164 1888 3246 iure
1910 3162 2078 3244 heredi-

409 3284 516 3366 tario
539 3277 781 3388 etsoctdot
798 3281 855 3362 im
876 3281 1127 3389 perpetuum
1161 3283 1464 3390 possidendas,
1499 3292 1750 3392 perpetuam
1782 3281 2078 3367 commutatio-

410 3427 511 3484 nem
530 3399 735 3490 feeientes
755 3424 833 3507 pto
852 3398 1041 3507 ipsorum
1060 3399 1161 3487 vilia
1179 3399 1338 3487 Bezdeu
1352 3426 1457 3510 sepe
1477 3402 1707 3487 somniate.
1739 3397 1791 3482 In
1809 3427 1901 3510 que
1914 3423 2078 3486 ,mauro-
2103 3419 2109 3430 ’

409 3526 549 3602 ratum
586 3519 724 3600 ciuem
759 3525 949 3600 nostrum
984 3516 1211 3604 Rinoldnm
1248 3541 1395 3600 verum
1415 3518 1617 3604 heredem
1641 3515 1860 3610 effecimus
1882 3543 1984 3598 omn.
1998 3540 2079 3598 sura

409 3639 673 3747 posteritate.
724 3637 832 3720 Nos
849 3637 996 3746 itaque
1034 3635 1294 3716 exuberante
1311 3636 1633 3744 magnificentie
1654 3643 1796 3718 nostre
1819 3633 2011 3734 dextera,
2037 3639 2079 3713 et
2157 3707 2165 3720 ,

296 3841 303 3852 ,
407 3753 592 3869 sepefati
612 3754 718 3836 oiuis
739 3752 1178 3874 nostri'oraoouiensis
1216 3753 1413 3864 exigente
1434 3752 1677 3864 multiplicis
1696 3749 1833 3834 meriti
1853 3749 2078 3860 probitate,

409 3993 472 4059 seii
485 3991 603 4059 multas
619 3987 719 4054 habet
734 3985 1012 4067 abbreviationes,
1027 3982 1268 4052 Muozkowsoii
1282 3981 1363 4049 vrr'o
1379 4007 1441 4072 per
1452 3995 1623 4051 extensum
1640 3993 1692 4050 est
1706 3981 1920 4068 descriptum.
1937 3979 2077 4050 Varian-

409 4089 460 4146 tee
475 4069 638 4143 lectiones
652 4073 838 4141 invenimus
853 4071 970 4147 nullae,
986 4079 1020 4137 et
1032 4079 1214 4156 propterea
1226 4070 1354 4136 edimur
1366 4070 1575 4158 privilegium
1586 4068 1652 4135 hoo
1664 4068 1845 4135 seeundum
1859 4087 1986 4154 apogre
2007 4064 2079 4134 hou

409 4159 658 4244 Mueakowseii.
692 4155 867 4226 Funioulis
895 4153 1012 4224 viridis
1039 4155 1162 4244 oolpris
1191 4175 1374 4245 appensum
1404 4165 1476 4224 erat
1504 4155 1664 4247 sigillum,
1680 4153 1796 4238 inquo
1826 4153 1880 4222 esfi
1909 4089 2007 4250 'esd
2033 4235 2040 4249 ·
2070 4235 2078 4250 .

410 4247 527 4314 dextra
540 4235 678 4326 hastam,
707 4241 843 4310 sinistra
857 4263 938 4306 vero
955 4245 1084 4305 eentum
1100 4262 1175 4305 oum
1189 4239 1298 4323 aquila
1311 4241 1454 4306 tenentis
1475 4249 1751 4325 repraesentatur.
1785 4237 1823 4302 In
1839 4259 1889 4300 em
1926 4246 1962 4298 tu
1978 4233 2079 4321 sigrlh

302 4323 306 4330 ’
407 4331 439 4398 le
465 4339 562 4396 untur
587 4329 702 4395 verber
725 4327 760 4392 S.
776 4326 920 4394 Bolaalai
942 4324 1010 4390 Dei
1020 4327 1223 4412 protiadurie
1241 4325 1383 4392 Oraeovie
1400 4337 1429 4392 et
1442 4323 1641 4393 Sandomirie
1658 4327 1758 4406 (testa
1769 4319 2020 4404 Muozkowseio
2043 4329 2077 4386 et

469 4415 632 4482 wideoio.
1239 4439 1240 4447 κ
1367 4430 1369 4438 ’
1811 4442 1816 4453 ·

272 4567 276 4574 .
511 4500 555 4581 (²)
576 4416 827 4564 Bbedeeviilem
846 4487 961 4560 nedtibi
974 4491 1123 4558 invenire
1139 4490 1316 4578 potirimus.

371 4619 377 4632 ·
495 4599 555 4680 (⁸)
578 4596 729 4679 nunaut,
747 4606 824 4664 snut
839 4595 921 4662 duae
936 4591 1033 4659 villae
1049 4591 1365 4676 e'usdem'nominis,
1388 4594 1422 4660 in
1436 4591 1609 4660 Kieloenei
1623 4601 1657 4657 et
1671 4589 1865 4663 Leioviensi
1879 4591 2075 4680 regionibus

406 4683 601 4774 (parochiae
616 4681 660 4750 ad
675 4681 835 4750 Karnion
849 4692 883 4747 et
897 4617 1097 4780 idrzppttde
1144 4681 1297 4759 santes).
1317 4679 1469 4746 Suetodel
1481 4699 1563 4743 vero
1579 4676 1668 4742 haud
1683 4675 1783 4742 dubio
1801 4675 1974 4758 sabea·
1988 4678 2072 4744 mul·

2005 4151 2079 4218 ucis
2144 4171 2149 4182 ·

406 4753 574 4838 saevitiae
590 4776 667 4834 sunt
687 4763 836 4854 ejusdem
848 4785 992 4832 nomime
1007 4787 1042 4829 m
1057 4765 1106 4832 Po
1122 4763 1209 4854 onia,
1238 4763 1339 4828 hodie
1354 4763 1506 4850 proxima
1532 4760 1760 4848 Andrejoviae
1776 4759 1983 4840 senonem
1996 4761 2073 4868 viiia
2202 4797 2206 4804 ,

407 4851 690 4995 Sandomirippsis
705 4851 864 4938 regionis,
876 4845 1054 4946 parochiae
1070 4859 1179 4916 autem
1194 4850 1237 4938 ad
1250 4845 1517 4934 Przybystawtee
1531 4845 1726 4931 spectantis.
1882 4937 1886 4952 Ι
1929 4949 1945 5011 1

452 4947 461 4966 .
481 4955 582 5012 ,Μ
1951 4951 1967 5010 1
