4822 5924
1157 680 1431 756 -318-

473 879 654 965 haerede
687 882 738 963 de
769 875 1052 982 Nerodzr'rnicc,
1095 879 1125 965 J
1128 908 1262 966 oanne
1295 883 1347 965 de
1376 879 1648 968 Purolr'lrowicc
1679 881 1942 992 haeredibus,
1964 891 2007 968 et
2026 882 2117 996 alys

474 997 815 1109 quampluribus
836 997 1015 1082 testibus
1035 999 1120 1084 fide
1143 1002 1294 1113 dignis.
1386 1127 1393 1139 ι
1842 989 1849 1008 ‘

1172 1377 1175 1390 ²
1219 1407 1372 1526 cun
1415 1411 1418 1418 ’
1500 1410 1505 1422 ·
1630 1371 1635 1379 ’

748 1665 1195 1754 cracoviae-10
1213 1667 1511 1760 Februario·
1526 1611 1666 1752 1328
1684 1687 1848 1751 anno.

520 1875 877 1961 sinemurus
889 1887 1059 1961 marnis
1073 1905 1142 1961 cru
1155 1875 1326 1974 nubiculae,
1342 1887 1473 2083 tappete
1493 1887 1585 1962 villar
1600 1888 1718 1957 Barac
1731 1886 1833 1961 diotre
1846 1887 1925 1961 bona
1939 1886 2018 1962 lutor
2031 1907 2065 1963 ro
2164 1942 2169 1962 .

1165 2003 1386 2085 annum(
1475 2013 1478 2020 ’

573 2171 622 2258 In
643 2172 809 2256 nomine
830 2167 1000 2255 Domini
1019 2170 1168 2256 Amen.
1204 2173 1292 2260 Nos
1313 2172 1515 2258 Albcrtus
1535 2171 1617 2256 Dei
1637 2173 1841 2282 patientia
1861 2171 2009 2259 Abbas
2031 2202 2116 2258 una

472 2321 566 2374 cum
598 2291 822 2377 conventu
850 2289 1092 2401 Monoster)⁷
1122 2291 1364 2401 Tynecensi
1393 2293 1550 2378 Notum
1580 2290 1757 2376 facimus
1778 2305 1864 2376 tam
1884 2293 2116 2402 praesenti-

468 2413 549 2496 bus
582 2439 710 2524 quam
740 2409 890 2493 futuris
923 2411 1075 2522 quibus
1109 2411 1277 2520 expedit
1306 2413 1532 2516 universis,
1556 2409 1776 2512 Quomodo
1796 2413 2113 2498 considerantes

473 2531 573 2613 dicti
602 2531 734 2614 nostri
761 2528 1002 2640 Monastery
1032 2529 1265 2638 profectum
1288 2543 1330 2614 et
1349 2533 1572 2616 utilitatem
1592 2533 1634 2613 in
1654 2530 1761 2614 villis
1785 2542 1827 2613 st
1846 2529 1966 2616 bonis
1986 2521 2118 2616 infrass

470 2649 633 2760 scriptis
657 2677 752 2730 cum
773 2649 982 2733 Dobkone
1004 2647 1186 2734 haerede
1209 2650 1252 2730 in
1273 2645 1425 2734 Buczul
1445 2648 1498 2764 (¹)
1530 2648 1707 2732 facimus
1729 2661 1771 2733 et
1792 2649 1967 2734 fecimus
1998 2679 2115 2736 com·

347 2859 349 2866 J
469 2771 743 2852 mutationem
763 2769 958 2852 videlicet
978 2795 1053 2878 pro
1074 2770 1299 2852 medietate
1322 2771 1458 2852 dictae
1479 2770 1603 2853 villae
1619 2767 1772 2852 Buczul
1786 2773 1949 2852 iacente
1972 2799 1996 2854 a
2017 2800 2115 2882 par·

468 2901 509 2970 te
530 2890 649 2971 villae
670 2897 835 2972 nostrae
925 2883 980 3000 (³)
998 2916 1091 2968 cum
1113 2889 1239 2992 areis,
1256 2890 1386 2973 hortis
1409 2898 1450 2970 et
1469 2889 1674 2983 universis
1697 2891 1913 2972 structuris
1936 2899 1978 2972 et
1998 2890 2114 2982 aedi-

468 3003 573 3117 ficys
594 3009 637 3088 in
659 3007 806 3089 eadem
827 3007 1053 3091 medietate
1073 3006 1223 3092 locatis
1246 3037 1297 3090 ac
1317 3008 1544 3091 intervallis
1576 3007 1807 3120 spatijsque
1829 3017 1966 3090 terrae
1987 3003 2111 3121 ....(⁴)
2189 3099 2191 3103 ¹
2322 3026 2324 3043 ⁵

470 3128 578 3212 areis
597 3133 733 3233 us'que
756 3128 810 3208 ad
829 3124 969 3210 littora
988 3126 1104 3236 fluvy
1126 3127 1228 3210 dicti
1248 3127 1476 3212 Tsczenz'czu
1496 3129 1721 3238 protensis,
1759 3129 1847 3235 qui,
1862 3127 2013 3210 fluvius
2034 3127 2112 3210 ha·

468 3247 544 3330 bet
565 3255 605 3327 et
625 3245 728 3327 facit
748 3245 927 3356 indicta
961 3245 1060 3327 villa
1095 3243 1274 3328 Bunczul
1294 3245 1390 3358 (sic)
1432 3257 1617 3329 meatum
1712 3243 1766 3358 (³)
1799 3257 1841 3328 et
1871 3247 2109 3333 Molendino

469 3395 565 3448 cum
583 3365 754 3478 piscinis
775 3366 817 3446 in
840 3392 1095 3476 quacunque
1127 3375 1246 3474 parte
1279 3365 1378 3447 dicti
1408 3365 1523 3475 fluvy
1543 3365 1622 3448 fuit
1639 3365 1798 3468 locata,
1818 3365 1888 3450 vel
1906 3368 1949 3448 in
1969 3375 2113 3474 poste-

410 3529 411 3536 *
467 3516 558 3570 rum
579 3485 731 3568 fuerint
749 3484 928 3568 locanda
1023 3481 1076 3596 (⁰)
1098 3481 1308 3568 Doblronc
1331 3496 1373 3568 et
1391 3483 1521 3594 ipsius
1558 3482 1881 3570 Successoribus
1916 3485 2113 3596 exceptis,

354 3629 359 3640 ‘
469 3632 594 3714 super
626 3632 736 3715 quae
766 3602 886 3688 nobis
919 3613 962 3686 et
990 3603 1141 3688 nostris
1176 3603 1501 3692 Successoribus
1536 3603 1697 3722 nullum
1721 3633 1771 3688 ex
1791 3605 2030 3714 praemissis
2049 3605 2112 3690 lo-

469 3753 563 3806 care
598 3721 757 3828 licebit,
800 3723 946 3806 damus
969 3733 1011 3806 et
1033 3723 1241 3828 dedimus,
1271 3725 1625 3833 incorporavimus
1662 3723 1856 3810 Dobconi
1896 3721 2110 3832 saepefato

469 3853 511 3924 et
551 3845 636 3925 suis
665 3839 861 3952 legitimis
894 3841 1216 3927 successoribus
1254 3843 1555 3952 perpetualiter
1595 3845 1912 3952 appropriamus
1954 3841 2112 3926 adscri-

467 3963 616 4045 bentes
646 3959 788 4042 villam
817 3961 1046 4070 vulgariter
1076 3971 1366 4071 nuncupatum
1388 3959 1583 4044 Lr'aowr‘cc
1612 3991 1808 4072 parvum,
1837 3971 1962 4074 prout
1982 3963 2111 4046 estin

467 4083 553 4166 suis
585 4079 774 4194 granitys
810 4088 853 4160 et
885 4079 1108 4162 Limitibus
1128 4076 1181 4162 in
1210 4081 1384 4191 longum
1423 4077 1640 4192 latumque
1663 4081 1820 4165 situata
1850 4109 1901 4164 ac
1932 4074 2116 4167 circum

468 4199 735 4285 ferentialiter
774 4199 991 4310 distincta,
1023 4227 1125 4280 cum.
1162 4200 1274 4280 omni
1315 4195 1418 4281 dure
1452 4208 1493 4282 et
1523 4199 1722 4306 dominio,
1760 4200 1874 4311 quod
1905 4199 2036 4308 *nobis
2067 4201 2111 4282 in

469 4321 614 4406 eadem
635 4318 735 4405 villa
755 4318 1035 4427 competebat.
1086 4315 1135 4401 ln
1158 4317 1276 4400 cuius
1297 4317 1355 4422 r'ei
1376 4318 1659 4402 testimonium
1681 4331 1724 4403 et
1744 4320 1996 4434 evidentiam
2022 4317 2111 4430 ple-

468 4445 622 4526 niorem
646 4449 833 4526 nostrum
856 4445 898 4520 et
916 4437 1048 4523 nostri
1078 4437 1324 4524 Conventus
1347 4434 1498 4552 Sigilla
1515 4429 1930 4548 praesentibus'sunt
1950 4467 2119 4550 appen-

572 4679 610 4756 p)
634 4671 860 4763 Apographon
875 4672 1128 4763 ahepkowscio
1143 4671 1344 4758 descriptum
1358 4671 1542 4745 habuimus.

574 4759 944 4928 pzlssppccffiplilllllpmcum
959 4759 1098 4828 ecclesia
1111 4755 1303 4846 parochiali,
1319 4757 1394 4825 olim
1408 4759 1577 4828 Biecensis
1592 4759 1736 4845 regionis
1754 4760 1875 4842 (roto).
