4890 5924
992 733 1042 746 -
1092 703 1161 775 eii
1219 709 1280 764 -'

195 865 204 890 '
300 891 455 974 nimine
493 915 544 972 ac
580 889 776 972 Fratrum
822 897 1060 976 nostrorum
1092 897 1281 986 duximus
1310 911 1580 1020 roborandam
1644 955 1672 1028 p

299 1006 504 1110 tesnbus3
527 1008 692 1090 ¹Fratre
727 1004 913 1090 Joanne'
935 1011 1151 1115 quondam
1186 1013 1356 1123 Abbate
1393 1027 1501 1116 Geloi
1530 993 1799 1136 nemerim
1818 1011 1876 1080 ³⁷
1904 1044 1918 1077 ¹

275 1123 482 1217 „Matthia
524 1125 724 1228 cellario,
760 1123 910 1206 Fratre
950 1122 1186 1209 Venceslao
1222 1137 1264 1208 et
1297 1132 1444 1224 Fratre
1475 1129 1636 1246 Joanno
1666 1114 1926 1258 mmmmm

299 1265 442 1347 quam
471 1243 660 1350 pluribus
704 1240 796 1351 alys
836 1241 923 1323 fide
966 1242 1117 1353 dignis.
1179 1243 1338 1369 Datum
1366 1252 1410 1334 in
1442 1261 1590 1366 ipncic
1623 1275 1743 1370 Arria,
1782 1214 1864 1275 m
1892 1242 1926 1284 ⁴⁴

300 1357 356 1440 Μ.
380 1358 509 1444 ccc.
531 1359 587 1444 x.
609 1360 659 1442 n.
677 1357 728 1442 v.
1781 1301 1935 1410 ioca

405 1593 447 1671 (³)
469 1591 560 1677 hyse
576 1587 671 1669 Gdra,
687 1567 921 1656 munasterium
936 1589 970 1654 iu
985 1589 1105 1675 Regno
1122 1588 1292 1656 Poloniae.
1402 1681 1407 1688 ῃ

1041 1996 1225 2140 'xcvo
1272 2143 1280 2164 ,

539 2273 869 2364 'cracoviae
881 2316 926 2332 --
938 2269 1015 2360 29
1032 2206 1358 2358 Decembris
1383 2271 1535 2362 1346
1553 2295 1719 2360 nnnc.

303 2432 755 2570 stannaturam
776 2489 912 2582 Episcopi
934 2489 1142 2564 cracoviensis
1159 2469 1375 2581 ic'pcrocnois
1396 2491 1524 2566 decinis
1545 2509 1670 2565 ucmcc
1691 2489 1854 2584 episcopii
1875 2511 1976 2593 parti..

679 2591 822 2664 nectitur
842 2589 984 2663 vilarum
1005 2592 1118 2680 Ryom
1133 2593 1166 2694 ct
1182 2591 1350 2692 Papinio
1366 2594 1522 2667 oscrcom
1539 2589 1592 2677 (¹).
1630 2613 1634 2620 ·
1661 2694 1664 2704 Ι

410 2803 461 2888 In
480 2797 648 2884 nomine
669 2795 840 2881 Domini
860 2761 1011 2879 limen.
1063 2797 1190 2882 Ratio
1232 2799 1385 2882 suadet
1409 2809 1451 2882 et
1471 2801 1667 2909 aequitas
1689 2810 1738 2882 ut
1756 2799 1971 2888 Ecclesia-

307 2924 440 3008 sticae
461 2911 631 3004 utilitati
653 2902 939 3020 consulentes,
955 2916 997 2996 in
1014 2914 1289 3026 ampliatione
1310 2915 1522 3002 fructuum
1547 2928 1589 3000 et
1607 2919 1820 3002 redituum
1840 2919 1972 3028 ipsius

306 3069 404 3126 eum
424 3047 647 3120 teneamus
668 3033 840 3118 modum
863 3041 1009 3142 aptum
1034 3041 1075 3114 et
1094 3034 1338 3142 honestum,
1368 3063 1445 3144 per
1476 3065 1604 3148 quem
1627 3037 1811 3122 conditio
1832 3037 1974 3144 potior
2106 3119 2108 3124 ,

306 3155 496 3242 redditur
531 3151 754 3236 Ecclesiae
790 3159 834 3234 ct
864 3149 973 3233 Jura
1013 3151 1145 3260 ipsius
1165 3152 1210 3233 in
1230 3153 1372 3264 aliqua
1406 3163 1527 3263 parte
1562 3182 1648 3239 non
1684 3152 1970 3238 molestentur.
2022 3211 2025 3216 -

303 3273 486 3360 Proinde
523 3297 601 3354 nos
638 3267 1022 3370 loannestivina
1045 3277 1088 3352 et
1107 3267 1379 3380 Apostolicae
1419 3273 1540 3358 Sedis
1571 3271 1838 3381 providentia
1868 3271 1972 3381 Epi-

196 3421 202 3427 ·
232 3451 257 3490 -,
306 3401 463 3502 scopus
486 3387 778 3497 cracoviensis
800 3393 948 3469 notmn
969 3385 1148 3470 facimus
1170 3391 1379 3472 universis
1400 3399 1490 3474 tam
1509 3387 1806 3500 praesentibus
1841 3415 1972 3496 quam

303 3507 457 3592 futuris
477 3514 745 3616 praesentem
764 3504 968 3613 paginam
1007 3507 1274 3614 inspecturis.
1327 3505 1455 3606 Quod
1473 3509 1573 3590 licet
1592 3506 1821 3592 Ometcncs
1846 3513 1895 3589 et.
1905 3505 1972 3602 in·

221 3699 226 3706 .
305 3623 427 3712 colae
463 3623 654 3708 villarum
688 3621 886 3707 videlicet
924 3623 969 3703 in
1008 3622 1155 3731 Ryboo
1178 3627 1283 3706 etin
1302 3624 1500 3736 Prrepioa
1520 3621 1574 3736 (²)
1611 3623 1743 3708 multo
1779 3631 1971 3733 tempore

36 3723 37 3806 ἶ
185 3847 189 3856 Ι
306 3731 507 3848 fuissent,
544 3741 804 3828 authoritate
833 3747 998 3845 nostra,
1031 3739 1251 3825 Sententia
1271 3741 1738 3845 excommunicationis,
1769 3741 2000 3845 innodati„
2144 3785 2148 3792 ·

304 3853 380 3976 pro
403 3887 454 3946 co
477 3859 595 3969 quod
627 3859 835 3944 decimam
864 3883 979 3944 more
1002 3859 1184 3968 pristino
1204 3862 1249 3942 in
1270 3860 1431 3968 campis
1463 3857 1586 3945 nobis
1617 3859 1780 3944 solvere
1800 3881 1973 3944 recusa-

305 3977 431 4084 bant,
460 3981 688 4088 poscentes
711 3985 754 4060 et
774 3969 1031 4062 toto'labore
1052 3977 1203 4062 virium
1223 3978 1346 4064 nobis
1367 3979 1577 4062 humiliter
1597 3977 1905 4087 supplicantes,
1925 3987 1974 4059 ut

305 4123 382 4208 pro
405 4095 570 4178 decima
593 4095 741 4180 cadom
762 4092 947 4182 fertones
979 4095 1138 4178 usualis
1162 4103 1204 4177 et
1224 4098 1429 4181 currentis
1459 4103 1658 4182 monetae
1688 4097 1878 4206 recipere
1910 4093 1974 4178 di·
2010 4111 2012 4116 ’

223 4253 229 4264 ·
307 4237 536 4325 gnarcmur
556 4242 609 4298 ex
629 4215 770 4298 causis
802 4221 844 4296 et
873 4212 1128 4319 rationibus,
1171 4239 1280 4321 quas
1300 4241 1377 4326 pro
1399 4241 1445 4296 se
1467 4211 1728 4326 allegabant.
1779 4213 1870 4297 Nos
1891 4211 1974 4294 ita·
2025 4207 2033 4216 '

307 4347 393 4444 que
413 4325 567 4415 habito'
581 4329 756 4417 consilio
778 4341 821 4415 et
839 4359 927 4414 una
948 4359 1045 4414 cum
1068 4357 1279 4417 consensu
1298 4333 1496 4416 Fratrum
1517 4341 1754 4417 nostrorum
1786 4328 1974 4438 Capituli

306 4445 605 4534 ‘Oraccviensis
627 4475 771 4536 eorum
791 4447 1021 4536 humilibus
1055 4450 1434 4560 supplicationibus
1467 4451 1696 4534 clementer
1727 4453 1973 4564 annuentes,

408 4704 453 4784 (¹)
475 4703 706 4804 Apographcn
735 4707 993 4807 ahcplrowscio
1008 4705 1180 4774 habuimus
1197 4707 1409 4858 descriptum.
1529 4788 1536 4806 ι
1654 4792 1658 4803 Ι
1890 4731 1900 4748 ·

409 4787 454 4868 (²)
476 4789 529 4882 De
544 4787 624 4855 vrlla
638 4789 891 4880 Prapiniavrde
903 4794 972 4877 jem
987 4811 1089 4878 aspra
1102 4791 1233 4860 nouae
1247 4792 1291 4858 ed
1333 4791 1399 4876 ⁰.L,
1414 4809 1615 4876 praemissae
1630 4810 1707 4878 pag.
1722 4791 1794 4856 112.
1831 4891 1872 4956 28

406 4878 542 4930 renum
