4856 5932
1159 1087 1246 1208 00.

332 1425 338 1432 .
458 1335 969 1430 §andernense-rt.
988 1345 1061 1431 10
1086 1341 1283 1430 nwnsis
1308 1343 1582 1430 labuerit
1605 1344 1755 1434 14:30
1782 1367 1946 1432 anno.

381 1549 572 1668 inrdegiuiu'
586 1565 768 1638 venditionis
777 1557 1000 1639 dissimili
1021 1563 1113 1640 notit
1128 1563 1263 1644 luttere
1283 1565 1321 1638 de
1342 1565 1505 1641 menone
1519 1569 1643 1640 iiiooiao
1665 1565 1703 1640 ie
1717 1567 1839 1642 deuon
1859 1569 1961 1642 botae
1982 1569 2031 1649 (¹).

485 1775 574 1860 Nos
596 1773 815 1859 dohannes
837 1775 889 1856 de
912 1773 1077 1886 Sproooo
1098 1773 1251 1878 Judex,
1276 1785 1318 1857 et
1337 1773 1562 1885 danissyus
1581 1777 1632 1858 de
1651 1775 1903 1860 Olescdna'cza
1924 1774 2035 1859 Sub-

382 1897 509 1979 iudex
530 1893 664 1977 Terre
686 1891 1035 1979 Sandomiriensis
1058 1894 1292 2005 generales,
1330 1895 1619 1980 Protestamur
1639 1897 1856 1996 uniuersis,
1880 1893 2034 2006 quibus

384 2013 555 2125 expedit
574 2013 839 2124 presencium
859 2041 933 2121 per
953 2019 1153 2096 tenorem.
1196 2009 1308 2114 Quia
1329 2015 1490 2098 Nobilis
1511 2015 1711 2099 Nicolaus
1734 2014 1784 2094 de
1809 2011 1960 2096 ostrow
1978 2010 2034 2127 (²)

384 2163 525 2218 eoram
539 2133 700 2243 judicio
723 2132 905 2246 terrestri
925 2133 1200 2240 personaliter
1237 2135 1532 2242 comparando,
1555 2159 1683 2216 sanus
1715 2141 1856 2214 mente
1878 2140 1922 2215 et
1944 2154 2035 2216 cor-

242 2278 246 2288 ·
381 2283 482 2366 pore
505 2253 699 2354 existens,
719 2279 804 2336 non
826 2241 1079 2358 compulsus,
1100 2277 1183 2334 non
1206 2263 1392 2356 coactus,
1422 2281 1502 2336 nee
1534 2251 1675 2362 aliquo
1698 2251 1791 2335 dolo
1815 2251 2032 2354 seductus,

382 2373 459 2457 sed
481 2372 666 2454 debona
688 2383 732 2454 et
750 2369 883 2454 libera
904 2397 982 2452 sua
1003 2369 1218 2453 voluntate
1240 2374 1490 2481 recognouit
1509 2369 1690 2482 publice,
1723 2370 1837 2480 quod
1861 2397 2036 2453 omnem

322 2520 327 2529 ·
382 2521 502 2576 suam
522 2499 686 2602 partem
707 2490 966 2592 hereditatis,
1004 2512 1132 2594 quam
1172 2485 1321 2574 habuit
1355 2492 1397 2571 in
1429 2489 1593 2600 Zirniley
1630 2517 1726 2572 cum
1749 2489 1861 2588 omni
1876 2489 1971 2598 jure
1993 2500 2037 2570 et

382 2613 574 2710 dominio,
597 2637 675 2691 nec
698 2637 782 2694 non
804 2637 898 2690 eum
922 2607 1114 2691 omnibus
1138 2616 1179 2689 et
1200 2609 1376 2721 singulis
1407 2610 1669 2715 vtilitatibus,
1707 2608 1920 2712 censibus,
1948 2607 2035 2690 fru-

381 2734 533 2834 ctibus,
562 2728 809 2831 redditibus,
847 2725 1179 2813 obuencionibus
1215 2738 1259 2810 et
1294 2729 1533 2836 attinenciis
1568 2730 1786 2832 vniuersis,
1821 2728 2031 2812 videlicet:

383 2851 509 2963 agris,
545 2848 690 2957 pratis,
727 2847 847 2960 gaijs,
885 2848 1061 2952 maricis,
1096 2847 1269 2954 rubeb’s,
1306 2847 1513 2960 virgultis,
1550 2847 1736 2958 piscinis,
1772 2845 2035 2952 molendinis,

383 2969 536 3079 fluuijs,
578 2969 714 3078 aquis,
749 2965 913 3072 riwulis,
951 2977 993 3050 et
1029 2995 1236 3080 aquarum
1272 2959 1531 3070 decursibus,
1568 2995 1619 3050 ac
1658 2965 1747 3076 alijs
1785 2963 2036 3075 attinencijs,

382 3085 722 3202 quibuscumque
746 3087 939 3170 dieantur
959 3085 1210 3190 nominibus,
1231 3116 1319 3199 que
1340 3089 1465 3172 modo
1486 3085 1643 3170 ibidem
1665 3095 1765 3169 sunt
1786 3095 1828 3167 et
1848 3087 2036 3196 inposte-

380 3237 473 3291 rum
494 3207 582 3291 fieri
603 3217 794 3318 possunt,
817 3216 942 3316 prout
963 3207 1126 3288 eadem¹
1148 3235 1246 3316 pars
1266 3209 1309 3288 in
1330 3207 1416 3290 suis
1437 3203 1638 3290 limitibus
1660 3205 1748 3288 lata
1769 3205 1867 3320 (sic)
1888 3207 2036 3317 longe-

383 3353 467 3436 que
489 3355 540 3408 ae
562 3325 1001 3410 circumferencialiter
1033 3335 1098 3408 est
1129 3327 1328 3410 distincta
1351 3335 1393 3409 et
1411 3327 1600 3432 limitata,
1637 3325 1766 3409 nichil
1799 3351 1875 3434 pro
1898 3353 1946 3408 se
1966 3325 2035 3408 uel

381 3445 716 3555 consanguineis
754 3447 839 3526 suis
860 3443 1016 3528 ibidem
1036 3447 1202 3554 penitus
1238 3445 1507 3551 reseruando,
1542 3474 1618 3556 pro
1655 3446 1844 3528 tricentis
1882 3445 2034 3527 mareis

379 3563 611 3649 mediorum
633 3591 874 3674 grossorum
895 3567 1057 3648 numeri
1091 3563 1339 3672 polonicalis
1371 3567 1571 3650 consweti
1605 3561 1795 3649 vendidit
1815 3569 1858 3642 et
1878 3563 1921 3643 in
1941 3591 2038 3676 per-

382 3695 557 3797 petuum
578 3685 822 3794 resignauit,
858 3683 990 3768 nobili
1021 3685 1187 3768 domino
1220 3684 1389 3767 Andree
1422 3683 1473 3766 de
1499 3680 1654 3766 Cronow
1675 3681 1820 3764 heredi
1843 3689 1887 3762 et
1906 3682 2037 3788 ipsius

381 3804 569 3916 legitime
589 3801 836 3912 posteritati,
857 3803 919 3887 ita
938 3813 1093 3905 tamen,
1128 3803 1243 3913 quod
1263 3803 1354 3912 ipse
1378 3803 1569 3886 dominus
1599 3802 1794 3885 Andreas
1824 3801 1911 3883 suis
1942 3827 2037 3882 cum
2161 3835 2163 3843 ⁴

382 3923 697 4007 suecessoribus
721 3919 876 4006 dictam
897 3933 1061 4036 partem
1081 3919 1326 4004 hereditatis
1347 3923 1433 4007 iam
1454 3922 1578 4021 dicte,
1601 3927 1674 4028 sic,
1696 3928 1744 4002 ut
1763 3921 2032 4030 premittitur,

381 4042 554 4146 tenebit,
574 4041 752 4125 habebit
773 4053 815 4125 et
834 4045 1149 4154 inperpetuum
1185 4041 1423 4151 possidebit
1465 4039 1645 4149 pacifice
1677 4047 1720 4124 et
1751 4041 1908 4150 quiete.
1951 4039 2032 4123 Pro

383 4190 470 4274 qua
489 4172 630 4243 tamen
651 4171 769 4272 parte
792 4163 1039 4246 hereditatis
1060 4160 1250 4274 predicte
1271 4161 1380 4245 idem
1399 4159 1599 4245 Nicolaus
1617 4160 1799 4244 eundem
1817 4159 2030 4243 dominum

383 4279 596 4363 Andream
618 4279 790 4363 debebit
809 4283 1069 4367 intercedere
1093 4291 1135 4365 et
1151 4283 1257 4364 tueri
1290 4310 1315 4362 a
1337 4279 1529 4396 quelibet
1561 4307 1745 4391 persona
1780 4280 1897 4360 iuxta
1925 4276 2030 4386 juris
2148 4387 2150 4391 ι

490 4515 530 4598 (¹)
552 4513 603 4578 Ex
620 4514 800 4601 archetypo
816 4515 970 4582 tabularii
988 4513 1131 4601 Capituli
1146 4513 1417 4582 Vladislauiensis
1435 4537 1454 4578 a
1469 4511 1731 4600 Rzyszczevscio
1748 4519 1783 4576 et
1797 4509 2038 4576 Muezkovscio
2055 4577 2060 4588 ,

383 4600 592 4687 descriptum.
616 4600 781 4666 Taeniolis
797 4601 1052 4668 membranaceis
1068 4620 1217 4686 appensa
1233 4609 1309 4666 sunt
1321 4599 1387 4666 duo
1405 4599 1521 4686 sigilla,
1536 4621 1674 4682 quorum
1686 4595 1825 4660 alierum
1836 4597 1967 4680 penitus
1981 4595 2036 4660 de·
2148 4605 2150 4610 '

291 4672 298 4698 ⁹
381 4687 493 4758 letum,
509 4683 646 4750 alterum
665 4706 746 4750 vero
762 4705 893 4752 crucem
913 4694 1148 4773 repraesentat.
1173 4683 1268 4752 (loni.
1284 4684 1429 4751 tabulam
1445 4683 1487 4749 ad
1501 4683 1586 4748 diem
1599 4684 1638 4746 15
1650 4680 1801 4748 ianuarii
1812 4683 2036 4768 1424praece·

381 4772 524 4937 deum&
547 4857 599 4922 De
616 4855 702 4922 villis
718 4857 803 4921 coni.
820 4855 964 4924 tabulam
980 4856 1013 4920 in
1022 4853 1232 4920 annotatione
1240 4853 1355 4940 prima:
1362 4851 1528 4918 laudatam
1541 4849 1599 4932 (N¹·
1609 4848 1834 5021 CXCVIII).0

542 4957 676 4999 renuent.
1793 4959 1812 5022 5
