4930 5922
1051 763 1103 782 -
1156 727 1224 802 ru
1283 763 1338 842 -ν
1449 681 1485 746 ’·

1053 1211 1294 1331 nxxrv.
1357 1275 1360 1282 ν

647 1429 1016 1601 Graeculae-7
1029 1464 1121 1550 die
1138 1469 1217 1554 29
1235 1467 1377 1573 Muri
1401 1463 1554 1554 1³08
1571 1490 1740 1554 anno.

323 1644 326 1653 „
355 1687 651 1760 vladislaus
675 1684 914 1757 noctram
935 1651 1117 1758 diotur'iux
1137 1685 1299 1760 Gramma
1320 1687 1458 1758 omnibus
1480 1687 1565 1761 villis
1583 1689 1701 1762 ordiris
1723 1689 1968 1764 tranianum
1987 1685 2026 1760 ie

410 1791 605 1868 Anorzeiow,
620 1787 659 1860 dc
678 1789 839 1930 qulsorle,
854 1787 892 1860 dc
909 1786 1215 1963 Koprzyronipphgpt
1229 1789 1382 1974 {prapaes
1396 1789 1508 1862 loculi}
1522 1794 1555 1918 tl
1568 1789 1971 1884 larriujutcutonioun
2072 1861 2075 1868 .

358 2177 364 2188 ,
463 2097 514 2182 In
544 2095 713 2188 nomine
745 2095 902 2180 domini
939 2123 1074 2180 amen.
1137 2094 1265 2198 Quod
1299 2095 1531 2208 Magnifica
1565 2097 1803 2206 principum
1840 2099 2030 2182 decreuit

358 2216 603 2308 auctoritas.
625 2222 780 2296 vratum
816 2223 946 2324 atque
967 2215 1118 2326 stabile
1142 2215 1272 2298 debet
1290 2242 1553 2326 permanere.
1604 2215 1742 2327 Igitur
1762 2215 2028 2300 nos‘Wladi-

358 2331 488 2414 slaus.
512 2332 582 2414 dei
600 2333 740 2440 gratia
762 2331 847 2416 dux
869 2331 1091 2416 Oracovie.
1114 2331 1389 2418 Sandomirie.
1409 2333 1585 2418 Siradie.
1601 2331 1818 2416 Lanoicie.
1836 2333 2027 2419 Ouiavie.
2048 2391 2052 2398 -

359 2476 440 2530 neo
459 2475 547 2532 nou
567 2448 690 2530 heres
709 2448 856 2560 Regni
875 2449 1062 2534 Polonie.
1122 2451 1283 2534 Notum
1317 2447 1497 2533 facimus
1534 2452 1741 2536 universis
1762 2453 2029 2562 presentibus

348 2576 405 2648 'et
424 2563 574 2673 futuis
595 2574 815 2676 presentes
834 2567 977 2656 literas
998 2569 1264 2677 inspecturis.
1327 2565 1550 2666 Quomodo
1572 2597 1669 2652 oum
1688 2568 1946 2655 honorabilis
1967 2571 2057 2654 vir·
2112 2601 2115 2606 ·

468 2824 512 2902 (¹)
533 2819 710 2914 Jedmjdm
727 2824 928 2914 Andrejovia‚
944 2825 984 2890 de
1000 2825 1065 2891 hoc
1082 2849 1126 2912 op
1152 2827 1208 2891 ido
1224 2836 1257 2892 et
1272 2829 1476 2894 monasterio
1504 2827 1778 2896 Cisterciensinm
1802 2828 1919 2894 confer
1933 2827 2029 2913 hujus

356 2905 446 2990 ,tomi
471 2908 671 2991 praemissas
698 2908 826 2976 tabidas
841 2909 883 2974 ad
898 2909 950 2976 ΝΟ.
966 2909 1011 2993 V,
1025 2911 1132 2978 XXX
1165 2913 1224 2994 ΙΙΙ,
1254 2912 1379 2984 XLIV.
1417 2911 1587 2994 Tabulam,
1642 2935 1715 2976 uam
1742 2911 1801 2978 sub
1829 2913 1925 2978 ΝΠ
1941 2912 2030 2996 typis

364 2991 581 3088 exaravimus,
611 2991 714 3092 abbas
737 2993 1014 3092 dndrejoviensis
1044 2995 1205 3061 Albertus
1222 2995 1262 3060 de
1279 2995 1437 3062 Klodaaa
1454 2933 1669 3084 Sigismundo
1687 2995 1760 3096 regi
1777 2996 2034 3062 confirmandam

364 3081 465 3158 dedit.
489 3073 645 3168 Nostrum
659 3075 869 3164 privilegium
883 3088 980 3142 atram
992 3079 1026 3142 in
1038 3087 1181 3143 transum
1208 3090 1244 3144 to
1259 3080 1405 3179 ejusdem
1419 3079 1508 3166 regis
1522 3079 1727 3167 sigismundi
1737 3081 1914 3162 mvenitur,
1928 3081 2031 3146 idem-

408 3157 544 3233 eabbas
558 3157 719 3228 Albertus
735 3161 776 3226 de
794 3161 967 3244 Klodcwa,
1015 3163 1146 3229 olonioe
1215 3163 1345 3248 ojorech
1368 3163 1581 3248 zKlodawy,
1603 3163 1836 3250 Klodawczyk
1857 3187 1980 3256 regem,
1998 3173 2032 3228 nt

283 3279 287 3286 ·
355 3189 444 3342 ffiud
472 3243 693 3342 confirmaret,
721 3239 863 3330 r'ogavit.
899 3186 1113 3334 Privilegium
1133 3272 1175 3314 ex
1190 3259 1399 3334 transumpto
1416 3250 1449 3314 in
1466 3248 1644 3320 Tabulario
1674 3249 1782 3336 Regni
1810 3259 1983 3316 asservato
1999 3249 2032 3312 in
2156 3285 2161 3294 ·

363 3335 459 3400 libris
493 3327 663 3412 „Metryln
677 3329 849 3395 koronn'e”
879 3329 946 3394 vol.
960 3333 1012 3413 48,
1035 3354 1112 3415 pao.
1128 3335 1189 3397 943
1207 3343 1240 3398 et
1255 3353 1349 3416 seqq.
1371 3335 1553 3399 ‘Antonius
1584 3331 1814 3398 Muezkowski
1843 3333 2030 3419 descripsit.

362 3406 556 3484 'proemium
570 3413 831 3479 confirmationis
848 3411 1050 3500 sigismundi
1067 3389 1227 3500 sequitur:

472 3501 511 3570 In
526 3495 657 3562 nomine
673 3498 797 3564 domini
813 3499 931 3564 Amen.
963 3500 1019 3564 Ad
1035 3509 1231 3586 perpetuam
1241 3501 1295 3580 ¹rei
1309 3501 1509 3566 memoriam.
1544 3493 1591 3571 Ne
1608 3508 1702 3566 actus
1717 3499 1884 3566 hominum
1900 3499 1957 3582 qui
1973 3499 2032 3563 sub
2109 3578 2111 3584 ¹

318 3644 321 3658 ,
367 3598 518 3672 tempore
533 3583 615 3649 fiunt
630 3605 788 3650 successu
802 3577 963 3665 temporis
978 3581 1132 3648 labuntur
1147 3585 1236 3665 (sic).
1265 3607 1367 3669 sagax
1385 3583 1526 3648 humana
1554 3581 1784 3648 condiciones
1800 3583 1943 3648 instituit
1956 3581 2033 3648 lite·

359 3681 476 3736 ·rarum'
508 3669 699 3734 testimonio
750 3665 933 3750 erhennarj.
971 3661 1205 3732 Proindo'nos
1233 3667 1464 3754 Sigismundus
1517 3667 1616 3731 rimus
1646 3663 1700 3730 dei
1729 3666 1842 3764 gracia
1871 3667 1943 3732 Rex
1965 3667 2035 3732 Po-

366 3754 455 3820 lonie
472 3755 528 3820 Ma
553 3775 615 3820 nna
630 3753 697 3818 dux
714 3691 908 3818 dithwanie.
935 3771 996 3816 neo
1023 3773 1091 3815 non
1108 3760 1270 3819 terrarum
1287 3751 1460 3816 Craoovie.
1501 3749 1693 3826 sudomirie.
1711 3747 1850 3817 Suedio.
1865 3747 2034 3817 Lanoioie.

369 3778 809 3926 CuiaviediussienPrussie.
822 3835 985 3900 Mazovie.
995 3833 1189 3902 Culmensis.
1202 3833 1423 3932 Elbingensis.
1437 3833 1707 3917 Pomeranieque.
1719 3832 1871 3901 dominiis
1883 3845 1917 3901 et
1926 3837 2034 3902 heres.

370 3923 602 4010 Significamus
621 3929 737 3986 tenore
753 3919 961 4018 presencium
979 3919 1097 4068 ‘ffb-⁰⁸
1114 3919 1249 4022 expedit
1260 3918 1426 3984 universis
1438 3928 1476 3986 et
1489 3915 1628 4006 singulis
1666 3917 1854 3987 resentibus
1870 3919 2035 3986 etiuturis
2069 3965 2072 3972 -

358 4005 483 4072 ‘harum
508 4003 666 4071 noticiam
692 4003 853 4070 habituris
878 4001 964 4088 Quia
1019 4003 1194 4069 enerabihs
1219 4001 1379 4070 Albertus
1402 3999 1605 4075 deGlodawa
1620 3941 1736 4069 Albas
1750 4004 1946 4090 Monasterij
1963 4003 2035 4072 An·

358 4089 607 4156 draeowiensis
622 4087 772 4154 exhibuit
786 4087 1019 4162 coramnobis.
1037 4109 1107 4152 suo.
1126 4097 1375 4174 conventusque
1392 4087 1443 4152 sui
1459 4087 1602 4152 nomine.
1619 4088 1661 4152 du
1685 4086 1739 4152 lex
1754 4087 1962 4176 privilegium
1978 4109 2036 4156 seu

371 4174 467 4252 binas
481 4173 594 4240 literas
608 4172 761 4238 inl'rascri
785 4181 847 4237 tas.
863 4171 983 4239 alteras
997 4193 1059 4256 que
1072 4184 1165 4240 eraut
1178 4175 1381 4238 vetustiores
1396 4171 1537 4238 Illustris
1554 4170 1631 4236 olim
1643 4110 1817 4237 iliadislai
1833 4175 1937 4240 Ducis
1953 4172 2036 4240 Cra·
2054 4209 2059 4216 ·

373 4259 539 4328 eovieursis
556 4272 617 4324 ete.
638 4279 740 4344 super
754 4197 816 4324 lus
833 4255 1077 4322 Theutonicum
1092 4257 1179 4324 villis
1197 4257 1348 4322 omnibus
1364 4257 1645 4322 Monasteriorum
1669 4259 1933 4324 Andizoowieaeis
1956 4251 2037 4324 Vaa-
2125 4277 2136 4292 ·

372 4342 539 4408 electensis
548 4343 843 4430 Coprriwnijrenris.
860 4349 893 4406 et
909 4339 1127 4408 Srzcrzicensir
1142 4365 1204 4407 nec
1221 4363 1289 4412 non
1304 4363 1405 4428 super
1418 4337 1579 4406 locandas
1591 4338 1686 4404 villas
1704 4347 1738 4404 et
1751 4340 1888 4424 praedia
1901 4341 1936 4405 in
1950 4363 2039 4407 nova
2085 4349 2090 4354 ’

373 4421 488 4490 radice
512 4426 572 4492 sub
598 4425 694 4491 titulo
710 4441 744 4492 et
758 4425 870 4511 sigillo
895 4425 1035 4510 praelati
1059 4425 1220 4494 Vladislai
1245 4425 1339 4492 ducis
1354 4427 1389 4490 in
1405 4423 1542 4490 cordula
1568 4423 1696 4489 sericea
1717 4445 1878 4510 appenso.
1893 4424 1988 4492 datas
2004 4439 2037 4492 et

373 4529 563 4580 concessas.
607 4509 741 4580 Alteras
770 4532 850 4575 vero
880 4509 1027 4575 Boloslai
1048 4509 1212 4578 Cracovie
1228 4519 1262 4578 et
1278 4509 1494 4588 Sandomirie‚
1524 4507 1630 4589 ducis,
1660 4507 1889 4574 fundacionem
1922 4509 2038 4596 oppidi

374 4594 548 4660 Andrzeow
583 4613 714 4660 necnon
730 4594 792 4661 lus
810 4593 1053 4662 Theutonicum
1081 4605 1113 4661 et
1128 4593 1300 4660 nonnullas
1324 4593 1494 4658 libertates
1522 4591 1668 4656 eiusdem
1686 4591 1800 4740 oppidi
1822 4591 1857 4656 in
1875 4613 1911 4660 se
1929 4597 2036 4660 conti-

345 4705 349 4720 =
374 4687 501 4743 nentes.
518 4687 659 4760 quatuor
675 4679 791 4766 sigillis
805 4679 840 4743 in
855 4677 1002 4748 cordulis
1019 4679 1156 4746 sericeis
1173 4678 1339 4764 appensis.
1359 4677 1551 4764 obsignatas
1579 4674 1697 4742 salvas.
1750 4699 1834 4744 esas.
1851 4701 1917 4744 non
1931 4679 2036 4745 vicia·

301 4817 305 4824 .
372 4767 435 4824 tas.
453 4771 487 4827 et
503 4763 592 4828 omni
606 4785 746 4850 prorsus
761 4763 952 4848 suspicione
967 4773 1130 4829 carentes.
1156 4761 1428 4910 supplicantque
1441 4759 1538 4825 nobis
1553 4757 1640 4825 idem
1650 4759 1857 4827 Venerabilis
1868 4759 2037 4832 Albertus·

376 4843 498 4912 Abbas.
514 4856 550 4912 ut
565 4869 622 4914 eas
637 4849 729 4933 ipsas
742 4847 1028 4930 literas‘utrasque
1044 4850 1207 4934 propteri
1230 4869 1321 4911 erum
1333 4853 1531 4911 vetustatem
1545 4844 1700 4940 innovarj
1714 4846 1878 4914 mandare.
1894 4840 2037 4922 auctori·
2071 4849 2076 4857 '

1833 4948 1894 5016 22*
