4844 5936
1133 700 1304 778 -408
1360 740 1402 759 -·

444 910 525 996 lem
548 911 743 998 Ciuitatis
765 915 905 992 nostre
926 905 1232 1011 Oracouiensis.
1266 906 1319 990 ds
1341 907 1532 989 ducentis
1551 906 1721 992 florenis
1743 906 2091 1020 hungaricalibus

446 1027 675 1122 certificare
691 1028 898 1131 nolentes,
931 1027 1113 1113 Centum
1148 1023 1271 1112 nobis
1292 1050 1368 1137 per
1391 1051 1486 1108 eum
1505 1029 1721 1131 mutuatis,
1754 1036 1796 1110 et
1824 1039 1993 1114 centum
2014 1061 2090 1145 pro

422 1150 586 1234 'debito
608 1146 883 1230 illustrissimi
903 1145 976 1256 filij
1008 1145 1140 1230 nostri
1161 1146 1318 1229 domini
1337 1145 1516 1229 Joannis
1538 1141 1712 1229 Alberti.
1730 1171 1839 1256 quos
1861 1151 1977 1262 apud
1998 1179 2092 1236 eum

440 1267 769 1358 intercessimus,
804 1264 885 1348 sibi
904 1291 977 1350 eos
998 1267 1039 1348 in
1063 1271 1106 1346 et
1125 1291 1252 1374 super
1288 1263 1494 1350 Custodia
1529 1275 1675 1349 nostra
1711 1266 1984 1354 Oracouiensi
2004 1274 2092 1380 pis-

442 1390 553 1470 eium
574 1387 860 1498 inscripsimus
881 1393 925 1466 et
945 1385 1337 1488 demonstrauimus,
1372 1384 1726 1496 inscribimusquc
1756 1395 1798 1468 et
1828 1387 2092 1498 demonstra-

440 1533 533 1588 mus
555 1515 700 1589 tenore
721 1507 985 1613 presencium
1000 1504 1223 1607 mediante,
1244 1531 1320 1613 per
1335 1505 1471 1613 ipsum
1494 1512 1536 1584 et
1555 1531 1655 1588 suos
1677 1519 1942 1590 successores
1963 1508 2092 1622 legit-

438 1625 563 1709 timos
586 1624 832 1711 Custodiam
853 1625 1088 1732 predictam
1107 1624 1224 1709 iuxta
1245 1623 1553 1723 conturenciam
1573 1625 1758 1732 priorum
1778 1625 1991 1710 literarum
2011 1655 2089 1713 no-

438 1753 620 1828 strarum
642 1771 766 1852 super
787 1743 963 1826 eandem
983 1771 1059 1852 per
1078 1772 1154 1830 nos
1177 1743 1257 1826 sibi
1277 1767 1573 1826 concessarum
1586 1743 2089 1852 tenendamhabcndam,

437 1863 725 1947 utifruendam
747 1872 790 1944 et
813 1862 954 1971 quiete
975 1864 1285 1974 possidendam,
1306 1885 1444 1970 usque
1467 1860 1521 1943 ad
1540 1861 1769 1970 plenariam
1808 1865 2091 1975 predictorum

441 1983 717 2066 ducentorum
758 1983 1010 2066 florenorum
1044 2011 1120 2092 per
1154 2005 1229 2064 nos
1265 1981 1334 2065 vel
1353 1989 1519 2064 nostros
1556 2009 1824 2096 successores
1859 1984 2090 2103 legittimos

441 2094 522 2186 sibi
541 2101 609 2187 vel
630 2103 714 2184 suis
747 2101 1065 2188 suecessoribus
1100 2099 1329 2211 legittimis.
1362 2127 1458 2184 cum
1492 2097 1583 2208 alijs
1614 2105 1785 2187 summis
1815 2103 1858 2184 in
1888 2105 2090 2212 predictis

439 2220 566 2307 literis
598 2221 806 2304 contentis
839 2219 1106 2305 solucionem.
1153 2219 1352 2304 Preterca
1392 2243 1490 2304 vero
1531 2222 1802 2304 seruiciorum
1833 2223 1922 2305 eius
1953 2227 2089 2310 racio-

437 2364 535 2422 nem
565 2337 771 2423 habentes
811 2339 891 2423 sibi
929 2340 972 2419 in
1004 2341 1151 2423 eadem
1190 2339 1395 2423 custodia.
1437 2340 1488 2420 de
1519 2338 1721 2449 singulari
1761 2340 1907 2450 gracia
1944 2355 2088 2428 nostra

438 2460 590 2570 viginti
619 2461 799 2544 florenos
830 2458 1124 2570 hungaricales
1164 2460 1453 2568 inscripsimus
1484 2469 1528 2542 et
1557 2458 1823 2567 presentibus
1853 2459 1983 2544 literis
2023 2466 2088 2546 in·
2179 2547 2183 2564 ,

439 2579 675 2662 scribimus.
723 2605 819 2660 cum
863 2577 1063 2687 predictis
1109 2581 1281 2661 summis
1333 2605 1409 2689 per
1449 2605 1525 2662 nos
1566 2577 1764 2676 similiter.
1815 2580 1883 2664 vel
1922 2593 2089 2668 nostros

439 2723 705 2780 successores
747 2695 828 2778 sibi
858 2697 926 2780 vel
955 2697 1041 2779 suis
1072 2697 1387 2818 successoribus
1428 2696 1669 2781 soluendus.
1732 2695 1895 2782 Harum
1931 2701 2088 2808 quibus

438 2813 630 2927 Sigillum
670 2825 860 2899 nostrum
901 2823 966 2898 est
1006 2815 1320 2926 subappensum
1362 2817 1598 2900 testimonio
1638 2816 1865 2908 literarum.
1925 2819 2087 2909 Datum

436 2931 627 3035 Crucocie
670 2933 778 3017 feria
829 2935 979 3047 quinta
1018 2947 1115 3044 post
1153 2934 1306 3018 festum
1348 2935 1483 3018 sancti
1525 2934 1680 3048 Jacobj
1728 2939 1907 3047 apostoli
1946 2941 2087 3050 proxi-

439 3081 521 3138 ma.
583 3055 706 3138 Anno
739 3054 895 3138 domini
925 3049 1143 3139 Millcsimo
1174 3042 1898 3169 quadringentesimo'nonagesimo
1937 3061 2083 3170 prim0.
2176 3065 2182 3094 '

542 3288 593 3379 G.
616 3289 996 3375 Vicecancellarius
1019 3287 1280 3404 subscripsit.

1366 3411 1537 3496 Relacio
1588 3369 1849 3500 Venerabilis
1893 3414 2086 3526 Gregorij

1322 3529 1373 3614 de
1390 3530 1622 3614 Ludbroucz
1638 3532 1777 3646 Regni
1792 3533 1990 3618 Poloniae
2013 3534 2101 3654 Vi?

1321 3649 1624 3757 cecancellarij.
2160 3673 2173 3693 ··
