4890 5924
911 677 915 684 ¹
1052 675 1373 786 fisa--

394 886 541 966 noster
572 833 725 962 (lomes
758 873 1004 984 Spicimirus
1034 869 1253 958 Palatinus
1291 869 1604 960 Oraeoviensis.
1625 872 1909 983 multiplieiter
1943 875 2063 962 exhi-

356 1087 359 1097 ,
397 999 504 1101 buit,
527 1004 570 1080 et
591 995 732 1078 adhuc
753 992 1007 1077 infuturum
1028 995 1168 1077 animo
1191 991 1384 1104 diligenti
1404 1001 1585 1100 parattrs.
1604 999 1669 1075 est
1691 993 1912 1101 exhibere}
1944 996 2001 1082 Et
2019 1005 2071 1080 ut

339 1103 362 1228 s
397 1120 537 1228 ipsum
560 1115 613 1195 ad
636 1121 784 1196 nostra
803 1113 985 1208 servicia
997 1112 1278 1204 redderemus
1301 1113 1628 1222 prompcicrem,
1648 1107 1731 1196 sihi
1753 1114 1907 1196 etsuis
1928 1114 2075 1225 legite.

397 1229 727 1344 misheredibus
750 1227 1141 1313 acsuccesscribus
1164 1229 1304 1312 villam
1327 1231 1417 1314 sive
1438 1227 1718 1336 hereditatem
1756 1238 1947 1314 nostram
1967 1260 2071 1342 par-¹

365 1419 372 1424 .
396 1349 779 1438 vrunrlarnowecz
800 1349 1011 1457 wlgariter
1033 1348 1192 1432 dictam
1214 1349 1322 1430 etin
1344 1348 1537 1434 districtu
1559 1345 1755 1432 Civitatis
1781 1343 2072 1456 Woyneame,

185 1509 189 1516 ·
314 1499 318 1512 ¹
396 1473 515 1562 iuxta
535 1467 677 1552 villam
697 1469 829 1577 ipsius
853 1465 1062 1576 Spicimiri
1085 1494 1289 1577 magnum
1312 1465 1507 1548 rhamon
1528 1461 1585 1578 (¹)
1606 1466 1827 1568 situatam',
1863 1464 1970 1550 dtus
1992 1471 2073 1552 he··⁸
2162 1529 2170 1536 -

396 1588 595 1672 reditario
617 1613 716 1669 cum
737 1583 930 1670 omnibus
951 1584 1224 1687 utilitatibus,
1244 1582 1522 1693 proventibus
1545 1590 1589 1664 et
1610 1591 1701 1667 toto
1722 1583 1918 1698 Dominio
1939 1596 2070 1695 prout
2194 1647 2200 1658 .

397 1705 675 1816 personaliter
695 1703 927 1806 tenuimus,
950 1702 1119 1802 damus,
1141 1699 1392 1786 conferimus
1412 1703 1457 1782 iu
1478 1709 1730 1810 perpetuum
1751 1702 2074 1814 possidendam,
2197 1805 2203 1812 .

397 1824 670 1908 vendendam
704 1849 782 1904 seu
818 1819 1184 1921 commutandam,
1221 1820 1333 1902 sicut
1355 1820 1414 1900 eis
1436 1821 1581 1902 utilius
1604 1827 1647 1905 et
1669 1820 1819 1928 melius
1855 1819 2075 1914 videbitur
2179 1933 2182 1941 Ι

319 2003 324 2010 -
400 1942 618 2051 expedire,
640 1946 688 2022 ut
701 1945 855 2034 autem
889 1939 1109 2047 predictus
1148 1937 1393 2046 Spicimirus
1415 1937 1633 2050 Palatinus
1655 1964 1706 2022 eo
1728 1937 1876 2054 melius
1898 1945 1943 2022 et
1964 1937 2070 2023 feei·

397 2059 478 2142 lius
497 2061 613 2168 ipsas
650 2054 799 2141 ambas
836 2056 1093 2140 hereditates
1129 2083 1310 2168 mapsam
1323 2063 1389 2136 ³et
1418 2082 1589 2166 pureum
1620 2055 1816 2138 Tharnow
1846 2083 1957 2140 cum.
1981 2060 2068 2144 suis

261 2195 265 2200 “
397 2177 594 2287 legitimis
631 2175 858 2258 heredibus
894 2175 1038 2260 locare
1060 2185 1103 2258 et
1122 2174 1340 2284 possidere
1375 2173 1537 2278 valeat,
1576 2199 1647 2256 eas
1685 2201 1851 2258 exnunc
1894 2174 1948 2256 de
1977 2175 2077 2262 iure.

397 2295 592 2404 polonico
613 2295 742 2400 iuius
763 2293 1082 2378 Theutonicum
1112 2293 1274 2392 scilicet
1304 2295 1404 2376 novi
1435 2289 1533 2396 fori,
1565 2291 1683 2402 quod
1702 2288 1910 2376 'Sredense
1939 2293 2070 2406 wlga-
2126 2339 2128 2344 ·
2249 2391 2252 2404 Ι

397 2412 497 2496 riter
518 2412 1089 2520 nuncupatimpresentibus
1112 2410 1306 2496 duximus
1327 2409 1665 2510 transferendas,
1701 2418 1966 2494 removentes
1987 2413 2068 2498 ibi·
2131 2422 2135 2435 '

399 2529 495 2612 dem
518 2531 658 2612 omnia
678 2531 771 2612 iura
790 2528 1059 2638 polonicalia,
1081 2531 1203 2611 sicut:
1237 2527 1330 2642 Sep,
1350 2529 1469 2629 suo,
1491 2555 1652 2629 curruz,
1669 2525 1885 2638 poncione,
1907 2525 2068 2638 Vacca,

400 2644 504 2750 Ove,
529 2638 671 2758 Opole,
695 2644 1135 2764 Stroec,·Podwororoe,
1157 2647 1346 2748 Prewod,
1369 2655 1413 2730 et
1434 2648 1517 2730 alia
1536 2645 1707 2756 singula
1728 2647 2069 2762 serviciaAnga·

306 2775 317 2794 “
397 2766 605 2850 riaciones
628 2763 725 2876 (sic)
748 2771 790 2845 et
809 2767 1230 2877 preangariacioncs,
1267 2793 1525 2878 quecunque
1560 2773 1660 2846 suut
1697 2771 1772 2846 aut
1808 2793 2069 2880 quocunqne
2125 2791 2130 2800 ·

397 2885 568 2968 nomine
605 2891 880 2988 censeantur,
917 2913 1002 2995 que
1034 2885 1097 2966 ius
1119 2884 1432 2994 theutonicum
1460 2890 1772 2968 consueverunt
1806 2884 2068 2994 perturbare,
2105 2941 2108 2950 ·

400 2995 471 3086 Sic
509 3000 626 3112 quod
659 2999 849 3110 prefatus
888 3001 1137 3110 Spicimirus
1171 3029 1269 3086 cum
1305 3003 1392 3086 suis
1429 2989 1620 3086 scultetis
1645 3010 1687 3082 et
1705 2994 1869 3086 villanis
1900 3004 1944 3084 in
1963 2995 2066 3113 ipsis
2198 3046 2202 3054 ·

398 3118 505 3203 villis
526 3117 638 3228 nullo
661 3121 742 3201 alio
763 3122 852 3202 iure
874 3132 1103 3232 quam‘suo
1124 3121 1379 3205 theutonico
1399 3121 1693 3230 prenominato
1714 3121 1757 3201 in
1774 3117 1926 3206 Oausis
1949 3125 2067 3232 capi-

398 3236 554 3321 talibus
576 3235 829 3342 decollandi,
849 3239 1163 3346 suspendendi,
1181 3239 1437 3340 mulctandi,
1459 3240 1559 3320 etin
1576 3235 1666 3346 alijs
1685 3234 1878 3322 omnibus
1899 3242 2067 3352 magnis

362 3347 476 3438 'seu
510 3355 653 3464 parvis
688 3355 885 3462 liberast
904 3356 1084 3468 pacifice
1115 3357 1431 3470 inperpetuum
1466 3356 1746 3468 perfruentur,
1768 3355 2068 3474 ·Absolventes

323 3581 327 3588 Ι
396 3473 512 3582 ipsos
546 3474 674 3558 etiam
705 3473 909 3557 scultetos
933 3481 976 3556 et
996 3473 1171 3559 villanos
1204 3473 1445 3586 specialiter
1467 3473 1522 3560 ab
1544 3473 1741 3561 omnibus
1774 3471 2070 3562 Jurisdieioniss
2194 3518 2198 3528 ·

396 3590 478 3674 bus
501 3601 543 3673 et
561 3593 855 3710 potestatibus
873 3591 1221 3699 Castellanorum,
1241 3593 1539 3698 Palatinorum,
1561 3593 1777 3697 Judicum,
1799 3592 2068 3680 subindicum

399 3717 441 3792 et
464 3715 650 3814 omnium
681 3703 859 3795 aliorum
892 3709 1171 3818 officialium,
1193 3713 1255 3796 ita
1276 3716 1311 3824 si
1332 3739 1524 3824 unquam
1548 3713 1604 3796 ad
1624 3713 1894 3823 presenciam.
1921 3739 2066 3798 eorum

396 3855 473 3940 pro
497 3852 756 3936 quacunque
780 3831 912 3912 causa
934 3827 1062 3912 citati
1075 3828 1252 3936 fuerint,
1271 3823 1452 3914 ¹minime
1483 3824 1821 3940 respondebunt,
1852 3829 1933 3912 nisi
1964 3829 2069 3912 dum
2133 3827 2137 3835 “

396 3974 473 4061 per
494 3945 660 4026 literam
697 3947 840 4058 sigillo
866 3957 1023 4046 ¹nostro
1041 4037 1044 4044 ,
1061 3944 1295 4060 sigillatam
1317 3949 1373 4031 ad
1394 3956 1584 4061 nostram
1614 3947 1878 4057 presenciam
1909 3945 2065 4050 fircriut

397 4064 587 4168 evocati,
601 4071 933 4165 extunc,coram
948 4063 1075 4150 ‘uobis
1097 4067 1328 4184 unicuique
1348 4067 1593 4176 ¹querulanti
1609 4093 1695 4150 non
1711 4065 1792 4166 alio
1810 4064 1920 4174 dure
1932 4091 2080 4174 quam.

500 4295 529 4378 (²
567 4295 763 4384 Spicimi'rus
779 4295 943 4382 palatinus
957 4297 1191 4367 cracoviensis
1212 4299 1334 4366 multos
1350 4301 1483 4366 favores
1499 4300 1587 4396 apud
1601 4283 1805 4370 Vladislaum
1820 4297 1995 4366 Lecticam
2012 4321 2066 4364 re·

397 4381 527 4469 gemha
549 4382 608 4448 uit.
645 4383 847 4470 Progenitor
862 4383 972 4469 gentis
990 4381 1267 4452 Tarucvvsciauae
1282 4387 1355 4452 fuit.
1379 4385 1503 4451 Urbem
1530 4385 1661 4452 Temese
1671 4385 1752 4470 ipse
1768 4378 1919 4450 condidit
1935 4393 1967 4448 et
1981 4379 2066 4449 hauc

398 4466 441 4530 cb
459 4489 602 4550 causam,
619 4469 706 4534 sicut
722 4467 875 4550 vidimus,
893 4478 926 4534 et
940 4467 1035 4535 villas
1058 4477 1189 4536 emerat
1211 4470 1302 4551 (ride
1324 4469 1539 4558 privilegium
1553 4470 1768 4554 praemissum
1785 4470 1828 4534 ad
1841 4469 1893 4535 N⁰.
1904 4467 2065 4550 Lxxxt

397 4559 432 4614 et
448 4571 505 4614 rex
524 4553 555 4616 ei
569 4555 677 4622 varias
694 4552 916 4620 haereditates
933 4554 1123 4622 donaverat.
1159 4553 1253 4622 Ceut
1271 4577 1356 4640 opus
1383 4554 1768 4640 „StarozytnaPolske”
1785 4554 1824 4624 Τ,
1838 4554 1883 4636 Il,
1896 4575 1942 4638 pa
1992 4555 2066 4618 480.

398 4628 611 4718 Spicimirum'
623 4639 803 4724 palatinum
819 4637 1074 4706 cracoviensem
1085 4641 1156 4738 jam
1170 4639 1309 4727 legimus
1330 4664 1358 4706 a.
1376 4642 1526 4725 132021).
1545 4639 1839 4739 Szczygielsciuru,
1855 4650 1912 4706 css
1969 4659 2067 4702 auum

264 4795 266 4798 Ι
387 4729 478 4783 ‘vero
498 4717 754 4790 cracoviensem
767 4725 836 4809 jam
854 4747 882 4790 a.
900 4725 991 4788 1330.
1016 4721 1108 4790 Vixrt
1124 4725 1221 4790 etiam
1237 4747 1323 4792 auno
1339 4727 1425 4799 ,1350
1440 4729 1508 4809 (ap.
1524 4723 1744 4793 Niesieccrum
1759 4724 1846 4803 salso
1856 4726 1925 4806 jam
1938 4745 1966 4786 a.
1982 4719 2065 4788 1336

396 4809 546 4869 mortuus
563 4809 636 4887 est)
661 4807 753 4875 Conl
774 4829 858 4894 opus
880 4807 1092 4894 „Biblioteka
1107 4807 1524 4913 Warszmska’‘‚1850..r
1546 4807 1608 4891 ΙΙΙ,
1625 4827 1702 4898 pega
1717 4811 1809 4891 414).
1922 4841 1927 4850 ·
2066 4843 2070 4850 ’
