4930 5922
993 733 1380 807 ·-1ttt-·

348 903 619 1016 ferimnssed
638 927 792 1012 collata
827 955 854 1008 a
874 932 1029 1014 nostris
1065 933 1312 1038 parentibus
1349 936 1535 1040 prasenti
1568 939 1727 1044 scripto
1769 941 2021 1028 innovantes

199 1079 205 1094 ·
295 1117 302 1128 .
348 1048 508 1132 firmius
544 1024 859 1130 confirinamus.
910 1047 960 1130 In
981 1049 1102 1132 cuius
1124 1051 1185 1130 rei
1203 1051 1556 1139 testimoniumet
1574 1055 1837 1162 perhennem
1858 1061 2023 1144 stabili-

347 1176 481 1248 tatem
515 1173 756 1272 presentem
792 1165 1007 1274 pagiuam
1031 1169 1162 1248 nostri
1193 1168 1453 1276 appensione
1475 1170 1600 1279 sigilli
1620 1169 1797 1256 fecimus
1818 1175 2041 1287 roborari..

350 1285 508 1366 Actum
527 1277 790 1364 inCrocouia
817 1282 987 1390 publice
1019 1282 1144 1366 Auno
1168 1285 1325 1368 domini
1346 1285 1566 1370 Millesimo
1588 1277 1879 1374 ducentesimo
1901 1301 2046 1378 ectu--

349 1403 542 1510 agesimo
579 1409 699 1482 sexto
734 1400 1002 1508 presentibus
1040 1401 1121 1510 hijs
1158 1429 1338 1510 quorum
1373 1406 1593 1487 istasunt
1631 1394 1815 1492 nomina.
1850 1407 2021 1496 Comes.

351 1517 491 1602 Sulco.
514 1515 784 1600 Castellanns
807 1517 1116 1602 Orecovieusis.
1160 1519 1316 1604 Oomes
1337 1521 1539 1606 Nicotaus
1559 1523 1831 1610 Oastellanus
1854 1525 2022 1613 Sando-

227 1693 229 1698 -
275 1623 281 1636 ’
348 1636 567 1744 miriensis.
607 1634 770 1720 ¹Comes
801 1635 1007 1720 Martinus
1041 1635 1309 1721 Osstcllnnus
1333 1640 1383 1722 de
1405 1639 1568 1748 Bryccb
1590 1638 1660 1754 (⁴2).
1714 1643 1867 1728 Comes
1889 1647 2023 1728 Im‘ra-

265 1787 270 1796 ·
348 1779 443 1836 mus
475 1759 654 1836 venator
683 1751 980 1858 Oracoviensis
1003 1753 1159 1839 Comes
1175 1755 1382 1838 Nicolaus
1406 1755 1764 1854 Succemerarius.
1817 1763 1927 1844 Item
1948 1765 2023 1848 eli-

245 1891 270 1958 .’
349 1879 413 1952 ter
434 1869 696 1983 (siclcornes
716 1871 918 1956 Nicolaus
952 1872 1267 1956 Thezaurarius
1290 1872 1599 1959 Oracoviensis.
1650 1877 1812 1962 Datum
1831 1909 1908 1988 per
1929 1909 2023 1964 ma-

349 2015 451 2070 num
486 1989 645 2072 domini
681 1986 834 2098 Scfridj
871 1989 1203 2098 SubsanceIIatij
1247 1989 1375 2076 Ourie
1415 2003 1558 2076 nostre
1600 1991 1762 2093 Quarto
1806 1996 2050 2100 Oelendss,

288 2150 293 2166 ,
348 2105 510 2213 Mffissij,
815 2163 818 2170 .
921 2157 929 2164 .
1328 2177 1330 2184 ,
2020 2168 2022 2178 ,

1106 2541 1268 2662 LXIII·
1338 2563 1340 2567 ’

523 2739 1111 2924 summeurae-stae
1129 2797 1223 2884 cre
1242 2803 1298 2882 er
1312 2779 1500 2898 mense
1515 2797 1667 2894 raso
1683 2818 1851 2889 anso.

224 2965 226 2971 Ι
277 3069 281 3074 -
348 3015 509 3089 nereo
531 2979 812 3117 ememtes·
832 2970 1053 3101 cnumcri
1074 3013 1282 3090 ontrario
1301 3015 1379 3104 ru,
1400 3016 1506 3112 νισι,
1527 3015 1767 3088 sabasam
1788 3017 2029 3125 (sardonius),

390 3117 530 3230 Tiburni
549 3117 693 3210 mpprrio
708 3134 765 3190 ruo
779 3116 844 3189 iuro
853 3117 1037 3250 bouum
1050 3117 1214 3192 imaodsn
1234 3117 1396 3226 permittit
1430 3117 1592 3210 trinitas
1603 3136 1686 3193 nort
1701 3119 1769 3193 orti
1782 3121 1912 3214 largitur
1926 3123 1980 3208 (¹).

452 3325 505 3408 ln
525 3326 694 3408 nomine
718 3323 875 3408 domini
896 3325 1029 3409 nostri
1050 3323 1160 3408 Jesu
1176 3323 1336 3410 Christi
1357 3353 1495 3409 amen.
1527 3325 1760 3436 Magnifica
1779 3327 2023 3438 Principum

352 3439 599 3528 celsitudine
633 3435 762 3551 digne
793 3441 1091 3562 retribucionis
1123 3444 1285 3550 premia
1320 3453 1534 3526 merentur
1571 3445 1760 3528 obtinere
1793 3473 1901 3555 quos
1922 3447 2022 3530 fidei

348 3561 511 3670 puritas
533 3591 584 3643 ex
607 3559 824 3670 obsequiis
860 3561 1002 3642 reddit
1039 3569 1185 3670 gratos
1209 3569 1254 3642 et
1274 3572 1496 3670 accept0s3
1520 3561 1606 3646 Ubi
1638 3563 1746 3664 enim
1776 3563 1856 3668 p'cr
1885 3565 2021 3670 operis

351 3679 605 3762 euidentiam
626 3677 753 3762 fidele
774 3685 897 3788 patet
917 3677 1169 3788 obsequium
1200 3677 1259 3762 ibi
1279 3681 1635 3790 remuneracionis
1659 3679 1904 3788 dignissime
1925 3709 2021 3788 pre-

443 3913 497 3994 ·(1)
519 3909 734 4010 Privilegium
760 3909 826 3975 hoc
853 3933 894 3975 ex
921 3909 1015 3974 libris
1039 3893 1275 3994 manuscriptis
1303 3907 1411 3973 nostri
1436 3910 1568 3974 maximi
1593 3931 1704 3975 rernm
1754 3919 1896 3976 estcrum
1920 3911 2022 3978 seculi
2096 3899 2100 3910 ⁴
2132 3969 2135 3974 .

233 3998 236 4006 '
350 3995 465 4074 XVIII
481 3997 668 4081 scriptons,
685 3996 836 4080 episcopi
852 3993 1070 4060 luceoriensis
1088 3994 1211 4062 Adurni
1227 3993 1484 4060 Naruszewiczii
1498 3994 1711 4080 descriptum.
1766 3995 1876 4082 egitur
1891 3996 2023 4079 quidem

348 4081 557 4168 privilegium
587 4080 652 4146 hoc
681 4080 1036 4148 nostrumindoannis
1066 4079 1292 4162 Chadzyriscii
1323 4101 1425 4170 opere
1454 4078 1627 4164 polonico,
1659 4079 1712 4145 cui
1741 4080 1865 4145 titulus:
1902 4081 2020 4148 Histo-

214 4195 217 4200 ¹
293 4179 296 4184 '
330 4173 720 4252 =ryczno-statystyczne
748 4165 845 4250 opisy
870 4165 967 4229 miast
995 4164 1230 4249 starotytnyeh
1254 4163 1390 4229 wziemi
1418 4161 1698 4248 Sandomierslriej
1730 4173 1793 4229 etc.
1832 4165 2022 4231 Warszawa

352 4251 453 4314 isca·
470 4249 510 4314 Τ.
527 4249 552 4330 1,
567 4271 610 4334 pa
637 4252 790 4329 st-zt,
807 4249 868 4314 sed
883 4269 980 4332 quum
1007 4247 1109 4314 editio
1136 4247 1218 4312 haec
1245 4247 1355 4313 multis
1379 4249 1652 4329 mendisscatet,
1683 4249 1748 4313 huc
1763 4249 1890 4314 edimur
1906 4271 2020 4318 rursus

349 4343 592 4400 mouumentum
612 4271 684 4400 irco
708 4333 801 4417 quasi
826 4355 948 4400 novum
964 4343 998 4400 et
1012 4333 1180 4400 ineditum.
1218 4332 1402 4418 Habuimus
1430 4336 1501 4419 ejus
1525 4335 1590 4400 duo
1607 4332 1810 4430 apographa,
1826 4332 1962 4398 alterum
1979 4358 2021 4403 ex

348 4417 443 4482 libris
458 4420 690 4504 manuscriptis
707 4419 860 4504 episcopi
874 4417 994 4485 Adami
1009 4417 1264 4484 Neruszewiczii
1290 4441 1308 4480 a
1324 4415 1522 4482 slawiriscio
1546 4418 1643 4482 nobis
1656 4416 1795 4516 largiter
1809 4439 2019 4502 concessum,
2067 4434 2069 4440 '

349 4502 487 4567 alterum
503 4523 584 4568 vero
601 4525 640 4568 ex
656 4503 841 4589 archetypo
858 4502 1078 4588 descriptum,
1096 4501 1185 4585 quod
1201 4501 1259 4566 ubi
1273 4511 1326 4566 est
1342 4503 1523 4578 nescimus,
1544 4501 1631 4565 haud
1647 4500 1746 4564 dubro
1764 4497 1796 4563 in
1812 4499 2020 4568 Bibliotheca

349 4583 594 4658 Nieboroviana
608 4601 809 4654 asservatur:
825 4587 859 4654 in
869 4587 1020 4658 manibus
1036 4587 1248 4654 illustrissimi
1263 4585 1445 4654 Alexandri
1462 4584 1709 4652 Praez'dzicccii
1721 4605 1827 4668 nuper
1843 4593 1923 4667 erat,
1933 4587 2022 4655 unda
2073 4599 2079 4614 '

346 4669 428 4736 illud
448 4672 597 4739 dccnnes
624 4671 907 4758 Herbczydskiin
923 4671 1068 4738 editione
1095 4669 1192 4758 hujus
1218 4671 1300 4735 tomi
1326 4669 1464 4738 Codicis
1485 4679 1599 4736 nomer
1626 4667 1802 4754 coadjutor
1829 4670 2017 4758 descripsit.

346 4754 498 4840 Archety
525 4777 567 4820 on
596 4755 714 4820 multas
741 4755 840 4822 babet
861 4755 1142 4840 abbreviationes,
1166 4777 1228 4820 nos
1244 4753 1371 4820 edimus
1386 4753 1466 4818 illud
1481 4775 1543 4838 per
1558 4761 1728 4819 extensum
1774 4753 2016 4842 Iutcrpunctib‚

348 4857 413 4921 qua
426 4839 461 4904 ia
477 4779 626 4905 editione
640 4839 738 4926 hujus
752 4839 921 4926 privilegii
935 4842 1127 4924 unissimus,
1143 4837 1271 4905 codicis
1282 4835 1582 4906 Naruszswicnicni
1600 4845 1660 4902 cst
