4930 5922
1077 697 1488 844 --ιιτ--ἓι

376 949 484 1036 lanis
504 941 654 1029 habita
675 923 986 1022 deliberacione
1007 933 1146 1016 uisum
1170 940 1255 1033 est,
1276 957 1353 1040 per
1374 927 1500 1010 alium
1522 927 1695 1020 modum
1716 923 1888 1011 obedire
1909 943 2050 1022 vestre
2109 983 2112 990 ⁴

378 1065 607 1168 voluntati..
649 1058 761 1142 Nam
796 1055 995 1167 quamuis
1032 1053 1121 1133 iure
1156 1048 1430 1159 prohibeatur
1457 1045 1663 1128 Ecclesia
1684 1071 1774 1126 rem
1794 1046 2051 1139 immobilem

325 1219 327 1226 ·
378 1185 667 1267 maximenon
689 1175 809 1256 aliter
830 1172 1004 1255 alienari
1023 1171 1105 1250 nisi
1124 1175 1353 1282 prospecta
1391 1167 1560 1248 demum
1581 1164 1773 1249 ⁴vtilitate
1793 1165 1938 1250 melior
1961 1175 2050 1256 eius

380 1298 575 1386 condicio
595 1300 856 1406 procuretur,
873 1287 1023 1376 ¹Vestre
1045 1295 1189 1368 tamen
1211 1284 1374 1366 sincere
1397 1283 1568 1368 arbitrio
1591 1287 1856 1368 consciencie
1880 1295 1924 1371 et
1942 1291 2061 1375 inte·'
2191 1287 2196 1294 ’

379 1425 540 1502 merate
564 1411 754 1522 puritati,
782 1405 1039 1491 condicionis
1059 1402 1303 1484 huiusmodi
1323 1401 1581 1484 meliorande
1603 1401 1831 1513 negocium
1852 1407 2053 1520 relinqui-

381 1561 476 1620 mus
508 1541 554 1616 et
573 1527 872 1615 committimus
894 1521 1157 1606 confidenter
1191 1522 1343 1628 pocius
1377 1547 1508 1630 quam
1545 1521 1729 1631 aliquam
1768 1524 1822 1606 de
1839 1525 1940 1634 ,hiis
1968 1555 2054 1636 qus

380 1649 504 1736 nobis
539 1645 903 1758 protendebantm·
923 1641 1031 1722 areis
1054 1637 1295 1720 duxerimus
1334 1641 1659 1747 acceptandam,
1681 1639 1773 1724 Nec
1796 1645 1906 1724 enirn
1929 1644 2055 1727 dubi*
2082 1683 2101 1714 .·

268 1831 273 1838 -
380 1781 521 1854 tamus
544 1767 649 1876 quin
668 1762 860 1844 Ecclesia
882 1770 1025 1842 nostre
1045 1759 1090 1838 in
1112 1783 1199 1866 qua
1221 1755 1290 1836 dei
1310 1764 1436 1857 nutu,
1468 1757 1532 1837 ius
1554 1767 1803 1866 patronatus
1826 1761 2053 1870 glorianter
2154 1867 2159 1872 ¹

382 1885 596 1987 obtinetis
617 1883 678 1963 ita
697 1879 837 1962 uelitis
871 1876 1114 1986 prouidere,
1135 1881 1183 1954 vt
1201 1901 1287 1956 non
1309 1874 1444 1955 solum
1468 1873 1557 1955 eius
1579 1874 1874 1986 indempnitati
1895 1909 2054 1967 cauca·
2097 1897 2125 1922 ·“
2173 1891 2176 1899 ’

272 2085 277 2091 ,
381 2013 461 2108 tur,
483 2001 560 2082 scd
583 1995 906 2081 eciam'vtilitati
925 1993 1200 2104 prouideatur
1237 1991 1437 2101 ampliori.
1489 1991 1831 2102 Munificenciam
1867 2027 2055 2111 namque
2097 2019 2103 2024 “

381 2117 528 2206 uestre'
547 2116 790 2198 deuocionis
813 2124 857 2196 et
877 2141 1018 2196 coram
1040 2109 1280 2194 hominibus
1303 2109 1435 2228 digna
1449 2107 1586 2216 laude,
1605 2139 1692 2222 'non
1710 2113 1865 2222 ingrati
1885 2143 2055 2226 semper

387 2237 635 2333 extollimus,
657 2239 702 2312 et
722 2259 865 2316 coram
902 2231 982 2313 deo
1015 2241 1058 2310 et
1088 2230 1266 2330 sanctis,
1285 2227 1373 2308 eius
1411 2229 1648 2336 specialiter
1683 2225 1872 2339 patronis
1908 2225 2056 2316 Beatis

383 2351 642 2440 Wencezlao
666 2358 709 2431 et
730 2348 947 2449 Stanialao
978 2345 1173 2431 Ecclesie
1194 2353 1337 2430 nostre
1360 2354 1402 2426 et
1423 2348 1500 2430 toti
1520 2349 1657 2457 patrie
1679 2349 1827 2432 celitus
1848 2349 1891 2428 in
1911 2360 2055 2460 prote-

386 2475 569 2556 ctionem
602 2455 837 2570 concessis,
869 2493 954 2550 non
986 2465 1203 2546 cessamus
1235 2463 1454 2576 obsequiis
1478 2465 1807 2578 operacionibus
1840 2494 2057 2568 commen-

391 2589 506 2672 dare.
548 2587 673 2670 Nunc
693 2613 770 2696 pro
789 2583 1057 2669 libertatibus
1078 2575 1272 2666 Ecclesia
1294 2581 1468 2684 collatis,
1489 2611 1601 2664 nunc
1611 2583 1704 2694 pro
1720 2585 1880 2668 iuribus
1902 2587 1991 2676 eius
2015 2597 2057 2672 et

386 2703 767 2816 consuetudinibus
803 2703 1074 2784 manentibus
1110 2699 1386 2782 inconcussis.
1423 2727 1534 2782 nunc
1572 2697 1715 2784 eciam
1739 2728 1815 2814 pro
1836 2702 1978 2786 multis
2000 2705 2057 2788 ad
2168 2789 2197 2801 ,,
2235 2806 2239 2811 ,

387 2819 521 2908 diuini
540 2819 677 2902 cultus
700 2817 896 2902 decorem
917 2815 1242 2926 pertinentibus,
1255 2817 1705 2930 'dapsiliterlelargitia
1727 2820 2055 2909 aduersitatibus
2172 2853 2177 2858 ·

387 2943 561 3054 quoque
582 2947 671 3018 tam
694 2935 749 3020 ab
772 2965 843 3040 ea,
881 2933 1010 3046 quam
1043 2934 1098 3018 ab
1121 2936 1210 3016 cius
1247 2935 1466 3038 ministris,
1502 2933 1712 3020 indefesse
1750 2929 1798 3020 et
1828 2933 2057 3048 clementer

385 3054 642 3170 propulsatis
667 3045 709 3137 et
730 3054 907 3154 domino,
941 3051 1203 3162 concedente
1237 3082 1314 3161 per
1350 3053 1592 3166 religiosam
1626 3055 1829 3163 pietatem
1870 3053 2063 3188 uestram
2187 3081 2189 3092 ·
2240 3093 2244 3100 ·

385 3173 672 3258 indesinenter
692 3170 1004 3286 propulsandis.
1044 3169 1194 3284 ,Igitur
1237 3171 1407 3254 domina
1427 3180 1573 3257 nostra
1592 3177 1828 3257 reuerenda
1848 3171 2059 3262 memora-

352 3309 355 3314 '
385 3304 473 3376 tam
491 3321 631 3374 aream
650 3291 898 3400 'simpliciter
919 3289 1059 3408 vestre
1077 3288 1413 3410 ‘donacioni(sie)
1426 3291 1582 3373 nullam
1604 3280 2063 3408 condicionem'expri-¹
2185 3391 2195 3412 ι

387 3421 551 3492 mentes
588 3407 842 3492 conferimus
877 3411 1086 3520 perpetuo
1111 3405 1444 3519 possidendam,
1467 3419 1514 3490 vt
1532 3408 1663 3490 libere
1686 3409 1737 3491 de
1754 3412 1852 3522 ipsa
1889 3409 2066 3506 faciatis·

388 3524 569 3642 quiquid
591 3527 688 3640 (sic)
710 3525 865 3648 placet.
915 3525 984 3608 De
1002 3522 1096 3609 loco
1120 3525 1255 3605 eciam
1275 3521 1418 3606 balnei
1439 3527 1555 3636 quod
1574 3525 1633 3607 ibi
1654 3555 1785 3635 prope
1805 3527 2058 3636 possidebat
2195 3591 2229 3628 ,Χ

389 3643 569 3728 ecclesia
591 3645 780 3729 cedimus
802 3643 1055 3753 parimodo.
1107 3639 1205 3723 Hoc
1238 3667 1339 3723 sane
1361 3653 1502 3724 uestre
1523 3644 1722 3726 memorie
1744 3639 1935 3727 volentes
1959 3644 2063 3734 'esse'

388 3763 744 3847 commendatum.
766 3754 886 3872 quod
906 3759 1108 3844 balneum
1128 3759 1232 3841 illud
1253 3760 1372 3840 annis
1395 3755 1583 3870 singulis,
1600 3770 1685 3841 tres
1701 3761 1867 3844 mareas
1890 3753 2064 3875 argenti}

388 3891 431 3963 et
452 3879 683 3982 dimidiam,
721 3869 897 3962 ecclesie
932 3877 1219 3992 persoluebat.
1271 3874 1330 3959 Vt
1351 3881 1493 3962 autem
1514 3875 1676 3960 factum
1697 3890 1889 3964 nostrum
1909 3866 2055 3968 huius·

388 3999 504 4083 modi
526 3997 715 4079 debitum
739 3999 945 4081 sorciatur
968 3996 1181 4081 effectum.
1203 3995 1456 4078 venerabilis
1477 3987 1610 4105 patris
1633 4005 1676 4078 et
1695 3994 1898 4113 Episcopi
1924 4003 2057 4084 nostri

303 4121 304 4130 '
390 4115 548 4199 domini
568 4115 691 4200 Pauli
712 4141 944 4208 consensus
967 4123 1010 4199 et
1031 4101 1260 4198 auctoritas
1302 4115 1538 4219 interuenit,
1560 4117 1648 4196 sine
1671 4117 1826 4225 quibus
1843 4109 1928 4218 ‘nec
1948 4119 2056 4230 legi·
2133 4131 2140 4138 '

389 4233 489 4313 time
512 4231 600 4314 nec
614 4235 818 4316 canonice
841 4233 895 4315 de
914 4234 1044 4317 rebus
1064 4233 1376 4332 Ecclesiasticis
1405 4235 1637 4344 quicquam
1658 4235 1831 4316 alienari
1849 4236 1938 4316 iure
1959 4263 2065 4344 per-¹

389 4349 564 4430 missum
586 4363 652 4436 est
670 4351 807 4433 immo
819 4351 1004 4434 totaliter
1023 4353 1309 4435 interdictum.
1331 4352 1450 4432 vnde·
1464 4353 1507 4431 in
1531 4351 1791 4432 euidenciam
1823 4377 2056 4438 consensus

391 4465 481 4548 eius
501 4467 678 4574 prestiti,
700 4477 743 4552 et
763 4469 1026 4552 auctoritatis
1064 4469 1253 4552 adhibite
1289 4469 1402 4552 idem
1422 4469 1617 4550 dominus
1639 4465 1880 4577 Episcopus
1902 4473 2055 4556 confir-

387 4583 546 4667 mando
588 4586 781 4696 Sigillum
812 4605 965 4692 snum,
986 4596 1031 4668 et
1049 4613 1127 4672 nos
1160 4587 1392 4695 capitulum
1426 4585 1672 4698 profitendo
1709 4595 1904 4672 'noenum
1924 4590 2066 4676 idest

388 4699 579 4784 Ecclesia
601 4705 701 4786 huic
720 4709 998 4790 instrumento
1021 4705 1216 4790 duximus
1238 4705 1530 4816 appendenda.
1580 4703 1697 4786 Data
1721 4700 1909 4804 Crucour'a
1929 4705 2054 4795 Anno

263 4855 272 4868 ·
390 4817 559 4930 dominj.
581 4817 793 4912 M⁰.,OC⁰.
812 4821 971 4924 LXXe
993 4821 1109 4908 Vnt
1131 4833 1285 4910 octauo
1305 4822 1511 4906 kalendas
1531 4821 1691 4932 Marcij.
