4952 5926
954 687 1343 816 ''-³.⁷··
1471 671 1531 826 ,’

363 921 512 1006 nobio
548 919 774 1030 prehabito
796 943 872 1027 per
893 919 1268 1002 commutationem
1289 916 1458 1023 tradita,
1479 917 1695 1001 transtulit
1725 917 1769 1014 in
1800 920 1943 1002 uillam
1974 945 2051 1004 no·
2081 923 2085 930 ’

305 1047 309 1062 ’
385 1041 498 1122 mine
513 1035 694 1150 poedore.
718 1036 864 1118 datam
880 1036 935 1118 ab
959 1036 1109 1118 eodem
1132 1035 1314 1118 cenobio
1336 1031 1431 1124 uice
1454 1059 1612 1147 coryco.
1635 1119 1641 1132 ,
1660 1037 1764 1125 Item
1784 1036 2050 1148 bogomilum

387 1167 430 1240 et
450 1153 846 1265 vognonemfilium
867 1179 992 1235 snum
1013 1179 1111 1236 cum
1132 1179 1211 1234 sua
1231 1153 1500 1263 cognatione.
1524 1153 1600 1262 qui
1622 1162 1745 1238 erant
1766 1157 1939 1264 ascripti
1961 1155 2053 1264 gle·
2161 1175 2183 1223 ¹.

351 1365 354 1370 ,
387 1274 508 1358 bein
528 1273 627 1355 uilla
646 1269 880 1374 moclocice,
916 1273 1179 1380 pertinentes
1202 1272 1246 1350 in
1268 1269 1387 1382 depol
1409 1266 1478 1381 (⁴).
1502 1271 1584 1351 sita
1606 1299 1657 1353 ex
1677 1297 1764 1353 una
1784 1281 1907 1378 parte
1926 1265 2050 1380 riuulj
2100 1261 2107 1273 ¹

389 1389 494 1475 olleo
515 1390 630 1500 dlotj,
665 1383 879 1470 transtulit
898 1387 942 1468 in
962 1389 1104 1470 uillam
1126 1385 1294 1495 cenobij
1314 1389 1596 1497 prenominatj
1627 1389 1812 1472 similiter
1832 1383 2053 1476 massonae

390 1509 545 1592 dictam
569 1537 621 1592 er
642 1505 775 1590 altera
794 1515 916 1616 parte
937 1499 1127 1613 positam
1140 1504 1262 1614 riuulj
1294 1507 1618 1614 supradictj.'et
1648 1495 1798 1616 glebas
1833 1531 2054 1590 seruorum

386 1627 671 1734 predictorum
694 1623 811 1704 dedit
830 1649 906 1732 pro
927 1624 1238 1734 permutatione
1260 1621 1439 1706 cenobio
1463 1625 1600 1732 ejdem
1620 1623 1710 1706 iure
1741 1633 1948 1733 perpetuo
1975 1625 2055 1706 du·
2128 1639 2131 1654 '

335 1763 348 1784 ·
386 1755 565 1827 ratres.
600 1739 919 1850 Suprsscriptas
939 1721 1070 1852 igitur
1089 1737 1341 1824 donationes
1378 1741 1477 1822 salis
1509 1749 1553 1822 et
1573 1767 1802 1824 seruorum
1838 1765 1935 1821 eum
1966 1745 2053 1825 suis

387 1861 535 1944 usibus
557 1855 750 1943 omnibus
789 1869 833 1938 et
850 1859 1182 1968 pennutationes
1199 1858 1344 1966 nostrj
1375 1859 1516 1966 patruj
1553 1881 1655 1968 sepe
1690 1859 1791 1969 dietj
1826 1881 1903 1965 pro
1940 1859 2057 1944 sidtu

390 1977 533 2088 diujno
555 1987 599 2058 et
617 1975 747 2058 beate
767 1976 901 2059 Maris
920 1977 1098 2087 uIrginis
1120 1975 1336 2086 genitricis
1360 1975 1517 2083 dominj
1539 1969 1674 2080 nostrj
1697 1971 1807 2058 Jesu
1829 1976 1988 2086 Ohnstj
2012 1991 2056 2063 et

374 2075 633 2180 'sanctorum
656 2094 745 2201 ejus
768 2093 1021 2203 ampliando,
1043 2121 1095 2175 ao
1116 2119 1191 2203 pro
1212 2091 1398 2176 remedio
1419 2102 1659 2177 nostrorum
1674 2104 1963 2201 peccatorum3
1987 2123 2054 2180 se-

390 2212 576 2296 cundum
596 2213 843 2294 instantiam
865 2211 1135 2294 dilectissime
1155 2209 1301 2294 matris
1322 2219 1466 2296 nostre
1489 2211 1656 2293 domine
1688 2207 1937 2322 Gijizlee
1978 2218 2055 2298 du·¹
2129 2217 2137 2232 '

246 2356 251 2362 ·
390 2329 497 2412 cisse
537 2329 721 2433 illustris;
763 2329 1061 2438 suprascriptis
1097 2327 1348 2412 monialibus
1378 2329 1708 2438 inperpetuum
1744 2327 2055 2420 confirmamus.

390 2447 570 2557 Insuper
591 2447 890 2548 confirmamus
911 2447 1252 2555 permutaciones
1275 2456 1321 2528 et
1339 2445 1588 2531 donationes
1623 2444 1732 2528 infra
1767 2449 1959 2556 scriptas.
2006 2449 2060 2532 In

299 2561 314 2608 ·’
389 2567 534 2676 primis
556 2567 912 2674 permutationem
934 2566 1114 2647 duarum
1135 2566 1317 2648 sorcium
1348 2561 1402 2645 de
1432 2563 1532 2648 uilla
1564 2589 1708 2676 carpor>
1727 2573 1895 2649 uocata.
1927 2569 2058 2676 perffi.

365 2685 583 2766 -nentIum
609 2677 666 2763 ad
685 2681 942 2790 beneficjum
981 2685 1175 2766 eraoouie
1204 2681 1357 2793 ungarj
1381 2681 1436 2794 (θ)
1470 2683 1642 2764 dictum.
1677 2679 1837 2764 factam
1873 2682 1929 2766 ab
1965 2685 2058 2794 ipsa
2187 2756 2191 2764 .

391 2810 527 2884 matre
548 2809 695 2906 nostra
715 2803 897 2884 claustro
919 2827 1021 2910 sepe
1041 2797 1131 2883 fato
1151 2827 1229 2910 pro
1250 2801 1396 2910 predio
1416 2802 1584 2884 nomine
1604 2796 1832 2911 mislcucicj
1848 2797 1916 2914 (θ).
1948 2801 2058 2884 Item

393 2921 768 3002 commutatIonem
790 2919 846 3003 ab
869 2917 1019 3001 eadem
1041 2928 1175 3001 matre
1191 2928 1338 3002 nostra
1353 2916 1613 3000 celebratam
1630 2918 1684 2998 de
1698 2918 1846 3025 predio
1862 2917 2060 3003 orsooaice'
2096 2987 2099 2994 .

391 3063 466 3146 pre
479 3033 536 3148 (l)
546 3034 709 3120 foribus
731 3037 921 3149 ejusdem
942 3035 1113 3144 elaustrj
1126 3037 1219 3120 sito.
1233 3037 1350 3148 quod
1361 3035 1589 3144 spectabat
1599 3036 1794 3118 craoouie
1812 3037 2057 3142 castellano,

390 3181 467 3262 pro
488 3153 590 3236 uilla
609 3153 746 3263 ipsjus
767 3156 937 3264 claustri
959 3155 1096 3236 choros
1118 3151 1173 3267 (Ἰ)
1207 3155 1332 3237 dicta.
1372 3164 1517 3266 empta
1553 3183 1579 3237 a
1614 3151 1815 3236 fratribus
1854 3157 2058 3266 pomnanj

396 3271 566 3356 abbatis
585 3271 811 3383 plocensis.
842 3272 953 3354 Item
976 3273 1246 3356 donationem
1279 3269 1457 3354 duarum
1491 3273 1674 3356 sorcinm
1705 3273 1749 3354 in
1768 3273 1985 3356 nesctaoic
2006 3273 2061 3386 (⁸)

294 3457 298 3464 .
394 3387 553 3472 factam
572 3417 650 3498 per
669 3389 934 3474 wladizlaum
967 3391 1063 3474 olim
1094 3390 1249 3472 ducem
1281 3391 1488 3476 oracouie.
1535 3381 1643 3473 Item
1681 3389 1956 3473 donationem
1991 3393 2060 3475 u'el

394 3507 663 3596 traditionem
674 3497 813 3618 to'cjus
827 3509 1039 3618 porcionis
1054 3507 1154 3590 salis
1167 3503 1219 3591 de
1232 3507 1380 3588 hoctun
1395 3505 1557 3617 obtentj
1575 3537 1601 3591 a
1615 3531 1829 3612 pomnano
1844 3506 2061 3616 preposito

332 3633 337 3640 '
396 3625 569 3709 claustri
590 3625 642 3707 de
664 3623 850 3724 stendale
865 3651 979 3712 nuno
996 3623 1155 3706 abbate
1165 3624 1371 3732 plocensj.
1382 3651 1511 3734 quam
1532 3625 1634 3708 fecit
1648 3624 1774 3706 idem.
1797 3620 1844 3705 P.
1858 3623 2062 3733 (Pomna-

258 3735 260 3744 '
395 3740 494 3852 nus)
505 3743 761 3827 monialibus
783 3753 883 3826 ante
905 3741 1042 3825 dictis.
1063 3767 1229 3852 ponens
1244 3741 1507 3854 prepositum
1523 3767 1668 3825 aarum
1682 3741 1727 3822 in
1743 3740 2062 3854 corporaljposf

394 3861 582 3946 sessione
610 3863 709 3944 salis
741 3861 874 3971 ipsius
915 3860 995 3944 sub
1032 3859 1271 3944 testimonio
1312 3859 1567 3944 uenerabilis
1612 3862 1667 3955 in*
1710 3858 1881 3944 Christo
1917 3861 2061 3972 patris

393 3979 602 4090 prandote
644 3981 834 4089 epIscopi
870 3981 1156 4064 oracouiensis
1194 3988 1237 4060 et
1273 4003 1539 4092 assessorum
1559 3980 1662 4090 ejus,
1699 3981 1801 4096 iure
1825 3975 2057 4088 lnujolabilj

361 4189 365 4207 ¹
499 4161 542 4241 (⁴)
563 4157 650 4226 Vide
666 4184 767 4246 supra
780 4159 990 4248 privilegium
1004 4159 1048 4225 ad
1060 4181 1088 4226 a.
1105 4161 1197 4225 124³.
1207 4155 1414 4228 Castellanus
1430 4155 1596 4250 deBejsee
1611 4164 1756 4227 sortasse
1770 4148 1811 4225 de
1824 4159 1935 4226 Bicczl

353 4309 362 4324 ,
501 4247 543 4326 (⁵)
564 4244 604 4309 In
622 4245 697 4330 ipsa
711 4247 848 4336 regione
866 4245 1075 4312 cracoviensi
1101 4244 1179 4310 villa
1199 4254 1251 4312 est
1274 4247 1412 4334 erzce
1439 4268 1507 4312 non
1535 4246 1653 4330 procul
1678 4244 1718 4308 ab
1746 4243 1870 4328 oppido
1900 4240 2060 4326 Promisit,

397 4329 539 4394 fortasse
554 4327 633 4394 villa
645 4329 728 4395 haec
741 4332 776 4396 in
790 4337 907 4396 nostro
923 4327 1098 4414 privilegio
1115 4328 1230 4416 nuperi
1245 4327 1382 4396 dicitur?
1392 4364 1396 4370 ·
1406 4325 1521 4414 Itaque
1547 4329 1625 4394 villa
1639 4325 1788 4416 Karpow,
1813 4346 1895 4408 quae
1909 4325 1974 4392 huo
1993 4351 2062 4394 me·
2153 4343 2155 4348 '

397 4421 554 4510 moratur,
571 4415 717 4563 nopssgrlit
730 4413 808 4480 villa
821 4413 982 4480 territorii
1012 4413 1255 4496 Stobnioensis,
1270 4413 1419 4504 regionis
1443 4408 1704 4502 Szydlcviensis.'
1720 4413 1769 4492 (iu
1785 4431 1898 4496 opere:
1916 4407 2064 4494 „Tabala

354 4523 357 4530 ·
396 4505 494 4560 mrast
512 4495 597 4562 iwsi
716 4546 721 4556 .

503 4581 546 4659 (⁶)
569 4501 799 4670 Myslariczyec,
813 4579 891 4646 villa
903 4579 1051 4668 regionis
1068 4580 1354 4662 Proszovicensis‚
1369 4581 1547 4668 parochiae
1560 4578 1841 4648 Koscialeoensis.

501 4663 545 4744 (⁷)
569 4665 707 4748 Zborow,
728 4667 876 4756 regionis
892 4665 1183 4752 Szczyrzycensis‚
1199 4690 1269 4765 par.
1284 4667 1464 4752 Biskupioe
1479 4668 1513 4744 in
1529 4659 1679 4737 Gallicis.

399 4827 466 4895 aab
500 4749 549 4846 (Β).
564 4747 776 4836 Niaezlowice,
792 4751 870 4816 villa
884 4775 953 4837 reg.
970 4749 1229 4819 Czeohoviensrs
1243 4747 1420 4838 parochrae
1437 4749 1645 4818 Chelmensis
1660 4749 1695 4814 in
1710 4745 1850 4818 Gallicis
1865 4747 2064 4844 addextrare

468 4853 507 4896 ae
522 4855 638 4918 ripam.

452 4947 533 4990 Tener
541 4949 582 4991 ΙΙΙ.
1940 4929 1961 4992 3
