4952 5926
1079 721 1348 800 ...sr....

438 915 685 1004 Veiscelaus
705 913 857 1027 Agazo
880 912 1250 1004 Sandomiriensis.
1283 913 1496 1004 Geeceoa.
1532 914 1749 1004 Virbenta.
1781 917 2037 1004 Przibislaue

438 1037 617 1120 nutritor
637 1027 695 1144 (l)
717 1035 849 1116 ducis.
874 1043 917 1116 et
934 1033 1075 1143 plures
1097 1035 1188 1144 alij.·
1220 1033 1279 1116 nt
1297 1063 1349 1116 ne
1371 1063 1498 1143 super
1533 1038 1749 1147 premissis
1783 1040 1927 1148 aliqua
1962 1065 2039 1121 va-

382 1153 525 1269 ..leat
553 1156 597 1234 in
626 1151 961 1263 postumus-oriri
982 1149 1179 1234 dubietas
1212 1161 1454 1260 presentem
1490 1164 1654 1238 cartam
1690 1154 1883 1236 duximus
1915 1152 2041 1266 sigilli

437 1265 570 1354 nostri
600 1261 900 1350 munimine‘et
919 1261 1150 1380 sigillorum
1189 1297 1466 1380 personarum
1487 1272 1866 1381 superscriptarum
1896 1272 1940 1352 in
1954 1277 2042 1352 tes-

438 1389 657 1500 timonium
692 1385 987 1469 roborandam.
1033 1372 1145 1466 Aeta
1180 1396 1281 1468 sunt
1310 1390 1405 1469 hec.
1429 1415 1538 1472 anno
1561 1389 1616 1472 ab
1638 1389 1936 1472 incarnacione
1959 1385 2035 1470 do-

409 1503 555 1611 *r'ninjss
583 1493 838 1604 ‘Mffle'sima
864 1498 1165 1614 ducentesimo.
1211 1505 1542 1615 quadragesimo
1567 1506 1749 1616 ‚quinto-
1776 1501 1928 1617 (1245)
1949 1503 2041 1585 Da·

436 1632 528 1703 tum
546 1622 590 1701 in
614 1617 757 1700 Creber
776 1621 921 1702 mense
942 1617 1070 1727 Maijo
1090 1619 1254 1703 decimo
1276 1622 1456 1729 septimo
1477 1621 1684 1705 kalendas
1706 1620 1839 1730 Junij.
1861 1621 2039 1704 indicio-

390 1735 745 1847 ‘aetenam
796 1779 816 1826 ,ι
868 1811 871 1820 ,
984 1753 1027 1826 ,’
1145 1753 1149 1762 “
1364 1757 1368 1765 ·
1528 1743 1534 1826 ἶ
1913 1797 1916 1803 -

478 1849 1054 1963 Nostraquesigismundus
1075 1851 1169 1945 Rex
1189 1852 1391 1962 prefatus
1431 1854 1746 1964 supplicacioni
1772 1855 1931 1966 prefati
1951 1851 2037 1940 Ve—

377 1970 582 2093 nerabilis:
597 1969 763 2055 Alberti
781 1969 964 2056 Abbatis
985 1981 1192 2088 tanquam
1206 1973 1323 2080 juste
1344 1971 1531 2082 benigne
1563 1983 1810 2068 annuentes.
1843 1973 2038 2065 conside·

377 2097 607 2198 tantosque
626 2087 768 2170 literas
788 2090 1042 2196 preinsertas
1054 2106 1171 2175 ¹esse.
1193 2091 1346 2174 salvas.
1383 2090 1536 2178 illesas
1557 2106 1643 2172 non
1664 2090 1841 2172 viciates
1864 2100 1907 2172 et
1927 2093 2043 2174 omni

377 2225 548 2319 prorsus
567 2206 825 2314 suspicionis
847 2215 949 2290 nota
969 2214 1161 2292 carentes
1184 2233 1256 2290 ees
1277 2206 1678 2300 innovarifecimus.
1695 2207 2036 2316 auctoritateque

376 2333 521 2409 nostra
541 2322 682 2434 Regia
699 2323 746 2406 in
766 2323 961 2407 omnibus
982 2323 1146 2408 illarum
1164 2325 1348 2431 punctis.
1388 2324 1583 2408 clausulis
1605 2333 1649 2436 et
1669 2321 1852 2407 articulis
1885 2349 2039 2430 appro·
2076 2403 2079 2408 ,

376 2443 585 2526 bavimrrs.
626 2437 944 2554 ratificavimus.
977 2450 1024 2520 et
1063 2441 1416 2526 confirmavimus.
1448 2439 1822 2550 approbamusque
1852 2437 2038 2522 ratifica-

294 2553 304 2568 '
378 2567 473 2642 mus
496 2567 539 2642 et
555 2557 855 2662 confirmamus
876 2557 1144 2664 presentibus
1167 2559 1445 2642 decernentes
1476 2559 1648 2642 easdem
1677 2557 1819 2652 literas
1850 2583 2037 2642 necnon

379 2677 520 2761 emnia
541 2683 585 2756 et
605 2674 773 2782 singula
787 2676 834 2756 in
852 2673 929 2762 illis
952 2684 1167 2758 coritenta
1188 2676 1232 2756 in
1254 2703 1434 2786 quorum
1454 2703 1535 2758 usu
1566 2685 1609 2757 et
1629 2675 1901 2784 possessione
1932 2698 2034 2756 eon-

1286 1839 1289 1850 t

177 2767 181 2776 ι
264 2879 268 2888 ,
376 2791 674 2876 tinuata'idem
694 2789 845 2874 Abbas
866 2809 912 2872 et
928 2792 1254 2899 predecessores
1274 2794 1341 2876 sui
1359 2791 1569 2878 Abbates.
1591 2821 1758 2900 semper
1769 2790 1949 2874 fuerunt.
1971 2818 2046 2886 ro·¹
2082 2817 2092 2834 ·

375 2915 455 2997 bur
472 2909 615 2996 debite
635 2911 926 3018 perpetueque
962 2907 1170 2992 firmitatis
1193 2910 1349 2995 debere
1369 2911 1573 2996 obb'nere.
1617 2912 1669 2996 In
1690 2911 1810 2994 ouius
1831 2909 1893 2992 rei
1914 2908 2048 2994 testi.
2146 2907 2148 2914 ’

375 3030 563 3114 monium
584 3025 780 3137 Sigillum
799 3035 989 3110 nostrum
1005 3028 1274 3134 presentibus
1303 3039 1371 3113 est
1401 3054 1650 3138 appensum.
1694 3027 1856 3126 Dabam
1878 3025 2037 3110 Orneo-

376 3151 444 3234 vie
465 3144 648 3229 sabbato
670 3151 769 3228 ante
788 3141 943 3228 festum
966 3143 1244 3230 Sanctissime
1265 3144 1485 3228 Trinitatis
1507 3147 1712 3254 proximo.
1756 3144 1883 3232 Anno
1902 3142 2039 3229 domi-

378 3266 420 3347 ni
440 3262 659 3348 llillesimo
680 3262 1022 3373 quingentesimo
1042 3264 1259 3374 trigesimo
1276 3265 1407 3350 tercio
1421 3260 1589 3378 (1533).
1619 3264 1762 3378 Regni
1776 3263 1908 3350 nostri
1923 3282 2037 3347 anno

378 3381 583 3491 vigesimo
600 3380 797 3488 septimo.
827 3381 1102 3466 Pressntibus
1124 3379 1280 3493 quibus
1300 3407 1446 3492 supra.

374 3577 464 3662 tiois,
481 3599 564 3678 quae
580 3575 775 3666 collegimus
789 3575 824 3643 in
839 3584 954 3642 nostro
971 3575 1204 3664 archeologieo
1219 3577 1352 3659 itinere,
1366 3580 1492 3664 primns
1507 3575 1569 3642 fuit
1583 3576 1790 3663 temporibus
1805 3567 1966 3672 vladislai
1978 3571 2039 3642 ua·

374 3661 518 3751 gellonrs
532 3661 688 3728 fundator
701 3659 906 3746 praelaturae
922 3661 1199 3728 Sandomiriensis
1215 3659 1386 3744 eeclesiae,
1403 3663 1686 3746 qnamosntoriam
1699 3657 1889 3756 appellavit.

385 3773 388 3780 ·
482 3747 528 3827 (¹)
549 3747 628 3826 Jeur
669 3749 675 3764 '
721 3744 960 3830 ,Andrejovis
972 3744 1206 3822 monasterium
1231 3744 1466 3813 Cisterciensis
1483 3746 1622 3828 ordinis,
1651 3741 1914 3833 urbstegno
1940 3739 2038 3810 Polo·

373 3829 636 3938 niee‚territorii
674 3829 750 3900 odie
763 3827 964 3914 Kielceusis,
977 3829 1125 3918 regionis
1148 3850 1228 3896 suae
1244 3827 1386 3900 nomhds
1402 3837 1513 3920 eaput·
1541 3829 1689 3908 Cllrodm
1700 3825 1907 3944 videeupra
1975 3829 1979 3836 '
