4890 5924
1053 689 1429 762 -259-'

313 921 448 1002 cum
467 890 662 1008 piscinis,
695 883 1000 998 quodcunque
1015 887 1127 970 intra
1147 833 1300 970 limites
1322 887 1479 970 dictae
1487 887 1613 970 villae
1635 894 1878 972 eonstruere
1898 899 2021 1000 pote·

347 1014 433 1108 rint
454 997 566 1124 (ιιι),
589 1014 631 1087 et
651 1005 893 1114 specialiter
924 1033 1056 1087 unum
1089 1004 1407 1088 molendinum
1395 1033 1438 1109 ιιι
1458 1006 1650 1116 praedict
1653 1035 1677 1090 o
1699 1010 1827 1091 fluvio
1843 1005 1941 1122 Wt‘J
1937 1008 2023 1094 orl

347 1156 419 1212 cao
438 1125 701 1212 constituent
721 1151 796 1232 pro
819 1149 898 1204 sua
917 1123 1102 1204 utilitate
1124 1134 1214 1210 tam
1231 1123 1388 1235 (sic)
1354 1149 1445 1205 sme
1465 1125 1723 1233 praeiudicio
1746 1043 1941 1209 aliarum]
1943 1129 2023 1212 vil·
2117 1225 2119 1230 J

346 1247 481 1330 larum
504 1268 871 1352 quarumcunque.
916 1241 1044 1324 Item
1045 1267 1236 1322 mensam
1257 1267 1436 1352 panum,
1458 1271 1648 1326 mensam
1672 1243 1880 1346 carnium,
1901 1271 2022 1326 men-

346 1391 442 1448 sam
470 1387 669 1446 sucorum
691 1368 735 1442 et
755 1387 885 1442 unum
920 1351 1088 1454 fabrum
1111 1386 1164 1440 ac
1186 1358 1292 1440 alias
1331 1387 1478 1470 omncs
1516 1361 1738 1463 utilitates,
1777 1387 1885 1468 quas
1923 1371 2021 1445 ante
2129 1449 2134 1460 ,

346 1482 480 1592 ipsius
502 1481 625 1565 villae
646 1478 799 1560 limites
818 1479 946 1560 iuxta
961 1477 1093 1558 dicti
1082 1479 1183 1558 ruris
1205 1477 1462 1562 Theutonici
1493 1481 1752 1595 exigentiam
1782 1477 1924 1560 facere
1945 1507 2022 1587 po-

346 1608 502 1704 terunt,
522 1625 598 1708 pro
620 1623 700 1680 sua
731 1597 1018 1682 melioratione
1050 1595 1140 1676 sine
1171 1605 1315 1679 nostro
1351 1598 1677 1704 praeiudicioet
1659 1598 1854 1680 tdamno
1889 1596 2020 1680 libere

346 1718 555 1801 tenebunt
589 1723 634 1798 et
664 1714 887 1798 habebunt
907 1713 961 1795 de
981 1721 1128 1799 nostra
1164 1722 1261 1822 grat
1264 1713 1303 1794 ia
1340 1715 1624 1823 specialit
1584 1715 1693 1798 Item
1724 1741 1803 1824 pro
1837 1715 2021 1800 ecclesia

348 1835 488 1918 dietae
525 1835 652 1918 villae
690 1833 796 1918 duos
831 1857 1002 1915 mansos
1038 1830 1194 1912 liberos
1218 1842 1260 1912 et
1280 1859 1357 1939 pro
1378 1834 1550 1942 pascuis
1584 1820 1899 1936 communibus,
1931 1835 2020 1918 sive

205 2021 207 2028 ,
346 1953 575 2064 pellendo
570 1979 735 2060 grege,
773 1975 883 2058 quae
920 1950 1107 2060 vulgarit
1108 1978 1153 2032 er
1183 1950 1403 2032 rctotnrczo
1436 1952 1689 2052 nominatur,
1721 1951 1827 2032 duos
1849 1977 2020 2037 mansos
2092 2061 2096 2070 Ι
2175 1949 2177 1954 ’

346 2073 500 2156 liberos
521 2073 803 2180 assignamus,
825 2067 1052 2151 ecelesiam
1073 2068 1337 2175 praedictam
1359 2065 1456 2177 (sic)
1495 2065 1677 2151 Soultcti
1699 2077 1878 2150 sextum
1890 2069 2020 2154 dena·
2086 2125 2091 2144 ι

346 2193 455 2275 rium
476 2214 628 2270 census
652 2194 703 2268 et
716 2189 889 2270 tertium
912 2186 1130 2268 denarium
1150 2185 1334 2312 iudioij,
1329 2187 1514 2280 duobus
1546 2195 1690 2268 tamen
1698 2211 1787 2322 pro
1808 2185 1933 2267 nobis
1953 2215 2019 2270 re-

346 2309 545 2408 servatis,
568 2305 623 2386 de
645 2319 903 2416 quacunque
923 2331 969 2384 re
990 2305 1176 2386 iudicat
1135 2313 1181 2384 ta
1216 2303 1469 2410 percipient,
1507 2329 1591 2410 que
1624 2304 1765 2386 omnia
1785 2311 1829 2386 et
1850 2305 2020 2414 singula
2133 2363 2138 2384 ,

345 2425 401 2508 ab
424 2421 619 2509 omnibus
644 2431 686 2504 et
707 2423 884 2531 singulis
917 2423 1032 2505 solut
1028 2421 1200 2505 ionibus
1232 2423 1447 2529 perpetuis
1479 2419 1739 2529 temporibus
1762 2447 1891 2527 saepe
1915 2421 2018 2505 dicti

305 2595 310 2614 ·
347 2543 524 2628 Scultet
494 2552 526 2622 ιι
547 2539 756 2624 tenebunt
739 2548 821 2621 tet
840 2537 1122 2648 possidebunt
1105 2540 1276 2622 tlibera
1297 2557 1340 2620 et
1363 2538 1505 2622 soluta
1527 2565 1624 2622 cum
1645 2541 1893 2646 potestate
1881 2567 2019 2647 ipsam

348 2659 602 2745 Scultetlam
637 2658 867 2760 vendendi,
905 2657 1111 2761 donandi,
1143 2657 1389 2766 possidendi
1410 2665 1454 2736 et
1475 2658 1765 2740 commutandi
1786 2665 1884 2738 nost
1884 2685 1933 2740 ra
1952 2663 2019 2744 ta-

345 2805 444 2858 men
464 2803 543 2858 seu
560 2785 798 2862 nostrorum
834 2801 1131 2858 successorum
1167 2775 1387 2860 voluntate
1410 2775 1464 2856 ad
1486 2775 1568 2858 hoc
1589 2776 1782 2884 primitus
1814 2776 2020 2880 requisita
2066 2861 2070 2869 ,

220 2921 227 2934 “
282 2889 292 2905 ”
347 2902 390 2976 et
410 2893 602 2980 obtenta
653 2892 705 2976 In
725 2907 768 2974 et
788 2919 916 3002 super
938 2894 991 2975 de
1013 2893 1161 3002 gracia
1195 2882 1342 2980 nostra
1377 2894 1568 3000 speciali,
1605 2904 1654 2976 ut
1688 2893 1852 3002 sylvam
1895 2893 2018 2976 citius

343 3015 509 3123 possint
531 3010 739 3120 extirpare
762 3011 868 3094 duos
890 3011 1085 3105 denarios
1107 3011 1253 3119 iudiciJ‘
1272 3039 1348 3119 pro
1367 3009 1492 3096 nobis
1512 3020 1751 3096 reservatos
1781 3011 1838 3092 de
1868 3012 2019 3118 poenis
2112 3007 2115 3014 ’

342 3132 486 3240 parvis
518 3129 774 3239 saepedictis
807 3128 1009 3214 Scultetis
1030 3156 1107 3238 pro
1130 3128 1320 3212 subsidio
1340 3129 1449 3210 infra
1471 3157 1604 3215 annos
1624 3130 1832 3213 libertatis
1864 3155 2020 3213 conce·
2109 3147 2124 3162 ”

316 3311 319 3330 .
344 3249 482 3337 dimus
517 3247 813 3358 percipiendos
824 3285 839 3351 ,'
855 3256 955 3356 post
976 3274 1110 3330 annos
1132 3271 1233 3331 vero
1255 3245 1483 3352 libertatis,
1520 3250 1726 3357 praedicti
1749 3248 1832 3331 duo
1856 3247 2016 3358 denarij

344 3366 400 3448 ad
430 3375 620 3451 nostrum
661 3365 995 3448 Thesaurarium
1034 3365 1313 3448 remittentur.
1365 3365 1455 3474 Ipsi
1484 3393 1585 3449 vero
1609 3365 1790 3451 Sculteti
1810 3371 1852 3444 et
1874 3391 2050 3470 eorum,
2187 3471 2191 3476 ι

343 3482 835 3569 successoresnobis-et
854 3485 1009 3568 nostris
1046 3484 1364 3567 successoribus
1398 3484 1563 3566 ratione
1601 3485 1742 3590 dictae
1778 3480 2017 3588 scultetiae,
2075 3559 2078 3565 ,

143 3651 150 3668 ·
217 3687 223 3698 ,
342 3600 387 3682 in
410 3627 521 3709 equo
542 3629 620 3684 sex
638 3629 875 3686 marcarum
900 3629 997 3682 cum
1017 3627 1103 3681 una
1126 3611 1219 3683 asta
1250 3610 1377 3706 prout
1398 3601 1546 3682 decem
1569 3599 1666 3714 (sie)
1705 3599 1761 3682 ad
1782 3597 2019 3710 quamlibet
2140 3629 2145 3642 ·

342 3719 515 3830 expedit
516 3721 657 3804 ionem
678 3723 835 3804 servire
856 3720 941 3805 sint
963 3725 1030 3801 ast
1012 3715 1137 3799 tricti.
1192 3717 1316 3802 Omet
1319 3719 1451 3801 hones
1485 3743 1660 3830 quoque
1692 3715 1872 3830 singulis
1895 3719 2015 3806 annis

93 3879 101 3898 ·
198 3873 202 3878 ·
253 3833 257 3844 '
342 3837 517 3922 infesto
555 3835 599 3923 S
622 3837 793 3958 Martini
829 3847 925 3923 octo
962 3845 1124 3924 scuttos
1163 3834 1261 3948 (sic)
1299 3862 1542 3948 grossorum
1566 3836 1617 3916 de
1641 3833 1835 3946 quolibet
1863 3862 2014 3944 manso
2088 3877 2099 3888 ’

342 3957 505 4040 ratione
529 3983 694 4060 census,
715 3983 791 4064 pro
816 3955 982 4038 decima
1002 3981 1104 4039 vero
1125 3953 1208 4039 fert
1191 3963 1330 4042 tonem
1353 3951 1599 4067 grossorum
1636 3955 1856 4070 solveret
1857 3981 2017 4039 enean-
2103 4013 2107 4032 .

233 4065 235 4074 ’
279 4111 284 4122 ·
342 4082 422 4158 tur.
475 4074 654 4186 Insuper
691 4073 812 4158 Scult
794 4077 871 4158 teti
894 4083 936 4157 et
956 4056 1216 4161 Omethones
1253 4074 1473 4160 memorati
1504 4075 1642 4156 term
1673 4099 1802 4196 anno,
1841 4057 2014 4182 quando
2066 4167 2072 4180 ¹

283 4193 287 4200 ’
343 4191 544 4274 iudicium
566 4193 765 4304 generale
789 4201 1039 4278 consuetum
1057 4201 1121 4273 est
1138 4191 1365 4298 celebrare,
1381 4192 1574 4298 nuntium
1589 4201 1779 4276 nostrum
1799 4192 2015 4302 recipient,

344 4310 419 4392 et
406 4336 451 4391 ιιι
472 4336 705 4420 expensum
740 4309 937 4396 videlicet
974 4305 1095 4394 Scult
1078 4313 1153 4392 teti
1189 4311 1318 4394 semel
1351 4320 1393 4392 et
1414 4309 1675 4419 Omethones
1709 4310 1776 4423 bis
1815 4310 2016 4396 decenter

343 4427 644 4537 procurabunt,
680 4437 758 4512 aut
769 4457 846 4540 pro
864 4413 1055 4537 quolibet
1075 4431 1251 4538 prandio
1274 4457 1405 4511 unum
1425 4427 1507 4510 fert
1490 4438 1631 4511 tonem
1652 4455 1899 4538 grossorum
1918 4455 2015 4536 per-

212 4629 222 4636 ,
342 4543 529 4650 solvent,
564 4556 788 4658 praeterea
824 4548 1086 4634 absolvimus
1119 4548 1389 4655 saepedictos
1421 4545 1585 4632 Scultet
1525 4554 1655 4650 tet,os
1675 4571 1948 4640 successores
1970 4556 2014 4630 ct

225 4711 229 4718 ·
341 4659 552 4748 familias
540 4692 728 4775 rpsorum
751 4675 794 4748 et
814 4665 973 4752 incolas
1011 4665 1284 4773 saepedictae
1319 4665 1445 4782 villae
1467 4661 1523 4746 ab
1545 4608 1743 4748 omuibus
1778 4663 1945 4749 iudiciis
1967 4675 2012 4748 et
2086 4775 2090 4786 ¹

337 4784 637 4892 potestatibus,
668 4783 957 4872 Palatinorum
989 4785 1329 4914 Castellanorum
1359 4781 1563 4867 Judieum
1595 4790 1638 4865 et
1668 4781 1948 4870 Subiudlcum
1967 4791 2013 4867 et
2106 4875 2112 4888 J

1805 4915 1866 4986 39
