4890 5924
914 662 1460 810 --’1.11,--’Ι
1611 695 1664 826 J

258 971 262 978 ·
330 927 617 1026 quaemnque
640 943 693 997 ex
715 941 794 996 sua
813 911 1022 996 industria
1056 912 1244 994 invenire
1278 911 1486 1020 poterint3
1526 912 1677 997 damus
1714 913 2008 1010 omnimodam,
2125 943 2157 1004 ,·

329 1035 601 1136 facultatem,
624 1033 906 1114 admittentes-
921 1031 1050 1138 etiarn
1072 1029 1123 1110 de
1143 1039 1289 1113 nostra
1321 1030 1467 1138 gracia
1497 1030 1692 1138 speciali,
1725 1031 1853 1140 quod·
1872 1032 1997 1114 villae

329 1151 576 1262 praedictae
596 1151 761 1233 civitati
786 1151 922 1230 eidem
944 1148 1207 1254 adjacentes,
1226 1149 1375 1258 eodem
1391 1148 1488 1254 jure
1511 1148 1781 1257 gaudebunt,
1800 1174 1885 1254 quo
1906 1151 1999 1257 ipsa

331 1271 481 1352 civitas
503 1270 667 1379 gaudet
687 1271 1021 1375 praenominata.
1065 1264 1302 1347 Praeterea
1338 1265 1532 1348 omnibus
1555 1263 1851 1350 cmethonibus
1873 1267 1998 1349 villae

153 1443 157 1450 ι
255 1491 260 1498 .
332 1387 478 1482 eidem
492 1383 744 1471 advocatiae
767 1382 1085 1494 adjacentibus,
1105 1382 1319 1489 locandis,
1341 1385 1397 1464 ad
1420 1384 1740 1492 extirpationem
1782 1409 2000 1492 nemorum

332 1501 488 1588 ibidem
511 1513 555 1586 et
576 1505 811 1613 sylvarum,
845 1504 994 1584 damus
1038 1529 1064 1582 a
1086 1499 1187 1583 data
1207 1503 1421 1611 praesenti
1440 1499 1548 1583 infra
1568 1503 1721 1612 viginti
1742 1527 1876 1600 annos
1899 1530 2001 1586 con·

332 1621 495 1726 116666,
518 1623 572 1704 ab
594 1619 791 1706 omnibus
813 1621 968 1704 nostris
989 1619 1197 1702 theloneis
1220 1630 1262 1701 61
1283 1620 1575 1702 exactionibus
1608 1619 1835 1720 universis,
1868 1621 2001 1702 omni·

252 1759 257 1768 ·
333 1735 504 1822 modam
543 1739 797 1822 libertatem.
850 1735 947 1836 Qua
970 1738 1120 1846 elapsa
1138 1738 1302 1844 incolae
1323 1738 1510 1818 civitatis
1541 1739 1866 1846 praemissaeet
1887 1764 2001 1842 61116-

334 1853 486 1938 thonas
523 1859 670 1962 villae,
708 1859 781 1962 qui
817 1857 1086 1958 locabuntur,
1119 1856 1171 1936 de
1200 1856 1398 1966 'quolibet
1431 1853 1542 1938 festo
1582 1853 1624 1940 S.
1644 1855 1814 1938 Martini
1848 1882 2003 1938 novem

171 2023 175 2034 ·
261 1989 279 2024 ·
320 1982 478 2056 scotos
511 2001 756 2084 grossorum
793 1973 926 2056 Nobis
960 1976 1124 2057 solvere
1156 1983 1392 2064 teneantur.
1445 1972 1691 2080 Adjecimus
1714 1974 1862 2074 etiam,
1886 1974 2012 2079 quod·

335 2088 571 2174 advocatus
594 2120 690 2172 cum
713 2091 877 2176 civibus
900 2092 1085 2174 civitatis
1106 2077 1363 2200 praedictae,
1385 2119 1436 2171 ac
1459 2120 1556 2173 66111
1588 2090 1737 2172 1666116
1770 2092 2003 2198 adjacenti-

278 2201 288 2208 ’
334 2206 415 2287 bus
447 2209 699 2294 advocatiae
731 2217 991 2291 memoratae
1012 2212 1056 2290 in
1080 2209 1345 2318 quibuslibet
1374 2206 1676 2296 festivitatibus
1698 2205 2003 2314 infrascriptis,

333 2323 552 2406 videlicet:
576 2327 620 2408 in
639 2325 874 2408 Nativitate
912 2327 1089 2436 Christi,
1110 2329 1153 2408 in
1175 2325 1364 2428 Pascha,
1385 2329 1429 2408 in
1449 2327 1705 2426 Pentecoste
1737 2325 1927 2427 Domini,
1952 2325 2002 2405 (lc

335 2444 493 2524 mansis
515 2447 720 2552 ipsorum,
742 2443 940 2526 libertate
962 2447 1198 2556 expirante,
1229 2445 1374 2527 docem
1398 2453 1441 2526 et
1464 2451 1723 2527 octo-scotos
1745 2444 1788 2523 in
1808 2442 2003 2544 solidum,

333 2556 378 2634 in
393 2561 571 2668 signum
592 2561 957 2666 honorificentiae,
981 2565 1036 2644 ad
1059 2561 1176 2670 quod
1197 2559 1340 2645 Poozto
1376 2564 1613 2672 vulgariter
1646 2561 1757 2642 dicto
1781 2557 1891 2670 (sic),
1927 2589 2003 2670 pro

335 2701 484 2756 mensa
503 2687 648 2761 nostra
671 2682 771 2762 dare
795 2690 837 2761 et
856 2683 1098 2788 impendere
1121 2681 1205 2762 sint
1226 2681 1430 2763 adstricti.
1482 2681 1667 2786 Demum
1694 2679 1887 2768 volumus
1911 2679 2005 2785 qui·
2079 2727 2083 2732 ·

338 2815 509 2899 cunque
531 2799 703 2880 nuntius
726 2827 779 2908 cr
798 2809 920 2907 parte
942 2811 1087 2883 nostra
1108 2799 1164 2880 ad
1184 2795 1512 2905 praesidendum
1532 2797 1690 2881 ibidem
1705 2797 1879 2904 judicio,
1898 2820 2004 2902 quo-

144 2995 147 3002 ,
198 3025 205 3034 ¹
336 2918 590 3020 tiescunque
633 2913 757 2997 fuerit
800 2919 1048 3026 deputatus,
1089 2918 1215 3000 toties
1259 2918 1493 3001 advocatus
1535 2915 1778 3026 praedictae
1822 2914 2004 2995 civitatis

337 3035 475 3117 eidem
510 3041 655 3116 nostro
692 3036 839 3120 nuntio
875 3038 1101 3146 prandium
1140 3043 1368 3120 unumaut
1389 3059 1463 3118 sex
1485 3043 1641 3119 scotos·
1663 3033 1762 3114 dare
1793 3040 2004 3114 tencatur.

336 3154 452 3237 lnter
474 3151 558 3232 alia
580 3151 841 3235 absolvimus
878 3156 1143 3266 praedictum
1181 3151 1407 3234 Ounadum
1444 3154 1700 3236 aduocatum
1723 3159 1884 3232 616666
1908 3173 2005 3231 suc*-

338 3297 547 3388 cessores,
569 3298 650 3352 nec
667 3270 1061 3377 vnonOmcthones,¹
1083 3279 1132 3354 61
1150 3271 1407 3384 permittitur
1425 3267 1536 3384 (sic),
1558 3273 1601 3352 in
1623 3269 1724 3354 villa
1747 3268 1802 3350 ad
1824 3266 2005 3383 eandem

338 3389 609 3471 'advocatiam
630 3385 874 3496 spectante,
898 3391 954 3474 ab
977 3389 1170 3474 omnibus
1186 3389 1358 3497 judiciis
1382 3399 1423 3470 61
1437 3385 1803 3498 jurisdictionibus
1822 3387 2013 3468 6611116111

337 3505 646 3610 Palatinorum,
669 3506 1007 3592 Castellanorum
1029 3505 1314 3615 quorumlibet
1327 3507 1540 3615 judicum,
1577 3505 1847 3612 subjudicum
1867 3502 2009 3610 Regni

25 3619 75 3700 ‘-
207 3711 213 3718 ,
337 3625 483 3710 Nostri
501 3624 971 3734 poenitusliberamus,
992 3627 1054 3706 ita
1075 3626 1358 3734 quodcoram
1378 3627 1481 3733 ipsis
1502 3624 1572 3706 vel
1595 3647 1738 3704 coram
1761 3619 1907 3724 aliquo
1928 3645 2005 3726 pro

338 3742 478 3824 causis
499 3743 757 3855 magnis-vel
777 3744 919 3852 parvis
940 3743 1042 3826 nulli
1064 3742 1249 3825 debeant
1283 3740 1558 3850 respondere,
1589 3741 1670 3822 nisi
1691 3739 1806 3820 cives
1830 3744 1873 3816 et
1896 3763 2008 3818 61116-

320 3861 488 3945 thonas
513 3886 656 3946 coram
677 3880 754 3946 suo
777 3864 986 3946 advocato
1002 3863 1100 3973 jnr'e
1121 3861 1366 3944 theutonico
1394 3856 1758 3968 Maydeburgensi
1775 3853 2009 3964 responde·
2160 3885 2162 3888 ·
2243 3845 2246 3852 ’

337 3977 458 4062 bunt.
520 3979 771 4064 Advocatus
807 4006 908 4065 vero
943 3980 1187 4091 praedictus
1209 3989 1253 4061 et
1273 3980 1339 4062 sui
1359 4005 1629 4061 successores
1665 4001 1750 4061 non
1786 3973 1893 4057 alias
1929 3972 2009 4056 nisi
2070 4080 2074 4086 ι

204 4135 210 4152 ·
341 4117 486 4180 coram
515 4092 651 4181 Nobis
674 4099 775 4180 dum
795 4107 941 4183 tamen
963 4127 1037 4208 per
1057 4099 1223 4182 literam
1253 4103 1399 4181 nostro
1431 4095 1571 4208 sigillo
1602 4096 1810 4178 munitam
1841 4091 2009 4200 evocati
2144 4161 2147 4168 .

339 4213 513 4316 16611111,
533 4223 626 4298 16111
649 4217 700 4299 de
721 4241 770 4320 66
790 4203 1113 4328 querelantibus
1135 4242 1223 4300 non
1244 4217 1363 4320 aliter
1399 4243 1531 4328 quam
1552 4242 1630 4298 666
1644 4215 1739 4323 jure
1759 4211 2009 4299 theutonico

25 4309 27 4384 l
168 4414 173 4426 ,
338 4333 599 4442 respondere
632 4343 868 4418 teneantur.
928 4337 980 4420 'In
1018 4337 1159 4420 causis
1195 4343 1339 4418 autem
1370 4334 1626 4446 capitalibus
1648 4341 1692 4413 61
1712 4327 2009 4432 criminalibus,

338 4459 456 4560 puta:
479 4448 592 4557 furti,
614 4453 849 4566 sanguinis,
869 4454 1108 4558 homicidii,
1126 4455 1314 4536 incendii
1334 4459 1377 4534 et
1399 4453 1492 4535 aliis
1513 4451 1738 4552 6111661616,
1760 4447 2009 4531 admodum

182 4607 187 4614 ’
339 4567 560 4682 1318611189
584 4572 769 4656 civitatis
783 4569 1007 4680 judicandi
1028 4582 1071 4655 et
1090 4570 1320 4674 formandi,
1340 4570 1510 4682 plenam
1531 4581 1575 4652 ct
1595 4564 2032 4652 6161111661161116161-Δ

340 4688 481 4798 &mur
509 4697 793 4799 potestatem,
819 4700 948 4801 prout
975 4693 1115 4801 ipsum
1128 4690 1212 4800 jus„
1221 4689 1517 4776 theutonicum
1546 4683 1738 4797 postulat
1757 4691 1800 4768 61
1815 4683 2008 4798 requirit.

222 4923 229 4934 Ι
340 4804 527 4900 Domum
557 4809 806 4931 statuimus,
829 4819 879 4894 ut
898 4809 1011 4894 idem
1047 4809 1307 4912 6111666116,
1328 4805 1458 4891 ataui
1496 4804 1660 4917 posteri
1683 4803 1758 4890 ed·
1777 4800 2012 4914 pamiae
2100 4849 2101 4852 κ

533 4957 542 4966 ’
1267 4954 1272 4962 ’
1804 4935 1865 5002 30·
