4822 5924
1012 710 1287 788 -sot-

164 943 166 950 ⁴
317 915 712 1030 propesCivitstcm
738 920 927 1022 recubam
953 909 1279 1027 Betuctelum
1306 911 1436 1016 sitae,
1467 909 1571 996 alins
1590 889 1867 1024 possidebant
1884 920 1974 1012 unu

318 1065 415 1124 cum
435 1034 717 1139 terrificio,et
734 1033 898 1144 piscina
918 1032 1115 1116 allodimn
1135 1029 1242 1146 (sic)
1266 1031 1464 1144 contigue
1503 1031 1701 1116 adiacens
1722 1029 1803 1141 ipsi
1821 1053 1975 1120 mous-⁴

316 1148 459 1242 statio.
510 1154 646 1247 Cuius¹
676 1151 847 1262 quidem
879 1151 1022 1235 allodii
1049 1151 1257 1262 gianicies
1289 1177 1368 1234 seu
1394 1151 1544 1234 limites
1582 1157 1748 1260 aparte
1772 1148 1971 1238 Civitatis

316 1281 459 1360 nostre
482 1268 745 1359 Crenstoctow
765 1271 1027 1381 praedictae,
1047 1270 1185 1356 taliter
1205 1270 1331 1352 metis
1352 1271 1528 1354 caeteris
1551 1267 1876 1381 distinguuntur,
1885 1270 1971 1378 pri*

315 1419 386 1478 ma
407 1402 526 1478 meta
541 1402 676 1476 terrea
695 1390 843 1501 incipit
878 1421 905 1473 a
922 1389 1052 1502 plaga
1072 1388 1244 1472 australi
1264 1390 1307 1471 in
1327 1387 1412 1472 fine
1432 1389 1555 1474 villae
1572 1391 1793 1500 ¹antimum
1822 1383 1971 1474 Casu·

271 1619 277 1624 ,
317 1510 424 1596 stow
445 1512 623 1596 tendens
646 1509 808 1593 directe
824 1536 972 1594 versus
993 1508 1219 1612 meridiem,
1239 1534 1377 1616 usque
1399 1509 1455 1591 ad
1475 1508 1602 1592 aliam
1624 1505 1968 1594 metam-tertiam

318 1628 434 1714 eirca
461 1633 574 1716 viam
603 1655 826 1740 magnam,
858 1654 944 1736 qua
974 1628 1057 1710 itur
1080 1627 1323 1710 decivitate
1353 1629 1570 1738 praedicta
1593 1628 1648 1710 ad
1668 1625 1969 1713 morrastcrium

316 1750 597 1852 antedictum,
633 1748 786 1832 deinde
818 1747 1136 1857 pertransiendo
1172 1746 1352 1828 candem
1386 1747 1498 1831 viam
1529 1773 1675 1831 versus
1706 1746 1970 1857 praedictam

315 1866 487 1978 plagam
506 1868 832 1972 meridionalem,
850 1895 987 1978 usque
1011 1865 1064 1948 ad
1086 1875 1221 1947 metas
1251 1863 1430 1948 ferrific'ii
1462 1866 1623 1949 scilicet
1642 1876 1807 1976 septem
1826 1872 1970 1949 metae

315 1995 452 2072 terrae
469 1985 608 2072 fossae
620 1999 859 2070 eterrcctae
869 1985 983 2097 (sic),
999 1985 1076 2068 ubi·
1092 1983 1245 2066 limites
1265 1985 1373 2066 inter
1393 1987 1657 2093 praedictum
1668 1985 1972 2068 Monasterium

316 2115 359 2188 et
379 2103 613 2218 praelatam
648 2107 874 2194 Civitatem
910 2106 1195 2208 terminantur,
1217 2131 1313 2188 cum
1335 2103 1529 2187 omnibus
1550 2104 1756 2188 dictarum
1776 2104 1968 2188 villarum
2125 2123 2130 2134 “

315 2221 498 2310 ferrificii
519 2239 561 2312 ct
581 2226 718 2312 allodii
738 2225 1009 2326 utilitatibus,
1030 2220 1256 2327 fructibus,
1279 2221 1503 2326 censibus,
1528 2223 1754 2326 reditibus,
1786 2249 1967 2332 proven·
1995 2239 1998 2246 ’

315 2343 445 2447 tibus,
463 2357 506 2429 et
527 2347 703 2430 caeteris
723 2346 907 2456 ipsarum
930 2341 1253 2426 obventionibus
1274 2342 1497 2447 universis,
1534 2353 1657 2452 prout
1680 2343 1806 2425 etiarn
1827 2342 1971 2425 dictae

315 2463 439 2546 villae
491 2464 735 2550 terrificium
753 2474 796 2548 et
816 2462 1010 2546 allodium
1032 2462 1073 2542 in
1096 2462 1183 2542 suis
1212 2459 1414 2542 limitibus
1447 2471 1490 2544 et
1519 2461 1714 2574 graniciis
1747 2457 1969 2568 circumla-
2037 2549 2039 2555 ,

162 2643 164 2646 -
314 2585 545 2668 tantisliter
565 2593 667 2668 sunt
686 2584 927 2684 distinctae,
947 2591 1051 2689 puta
1074 2581 1200 2690 agris,
1221 2580 1392 2687 campis,
1423 2583 1557 2690 protis
1578 2590 1672 2684 etc,
1703 2580 1972 2691 caeterisque

317 2704 523 2788 dictarum
543 2705 737 2790 villarum
754 2701 936 2784 terrificii
959 2709 1001 2780 et
1022 2697 1161 2806 allodij
1202 2699 1463 2806 pertinentijs
1487 2711 1529 2783 ct
1550 2700 1769 2808 appendiia
1800 2699 1969 2798 univeri-
2045 2751 2069 2800 ·,
2219 2689 2221 2696 ’

315 2823 389 2928 sis,
423 2825 750 2932 quibuscunque
785 2819 1021 2906 nominibus
1076 2825 1382 2927 nuncupentur,
1426 2819 1551 2904 nullis
1585 2820 1752 2930 penitus
1786 2817 1971 2903 exclusis
2079 2881 2081 2886 -

315 2943 492 3043 eisdam,
524 2943 652 3026 etiam
680 2941 859 3046 iuribus,
892 2937 1085 3046 dominijs
1105 2947 1147 3018 et
1166 2935 1453 3040 libertatibus,
1484 2938 1639 3047 quibus
1673 2938 1816 3020 (fictae
1836 2937 1969 3049 villas,

314 3061 553 3146 ferrifieium
578 3073 619 3145 et
639 3063 834 3146 allodium
867 3069 1157 3142 antecessores
1186 3057 1318 3139 nostri
1337 3056 1485 3165 inclyti
1506 3056 1649 3167 Reges
1670 3055 1869 3140 Poloniae
1890 3057 1969 3163 ha

314 3181 496 3266 buerunt
535 3189 825 3265 tenueruntct
844 3180 1141 3289 possederunt,
1172 3175 1273 3259 nihil
1308 3176 1482 3284 penitus:
1505 3178 1605 3259 iuris
1639 3185 1681 3258 et
1699 3178 1967 3286 proprietatis

316 3299 534 3385 nobismet
553 3303 704 3384 nostris
733 3298 1049 3382 successoribus
1070 3297 1114 3378 in
1133 3295 1359 3404 praedictis
1391 3285 1497 3378 villis
1534 3292 1728 3380 terrificio
1751 3306 1793 3378 et
1814 3295 1965 3386 allodio

315 3419 630 3532 quomodolibet
649 3417 925 3521 reservando,
949 3417 1120 3518 damus,
1139 3413 1409 3518 conferimus,
1432 3417 1716 3526 assignamus,
1749 3415 1965 3524 donamus,

315 3541 655 3650 appropriamus,
693 3538 1011 3646 incorporamus
1034 3544 1077 3615 et
1094 3533 1420 3617 irrevocabiliter
1461 3534 1709 3617 ascribimus
1750 3537 1967 3641 perpetuis

315 3645 572 3768 temporibus
596 3655 813 3759 duratura,
848 3683 924 3763 per
943 3653 1181 3765 praedictos
1202 3652 1351 3734 fratres
1371 3651 1564 3754 tenendi,
1593 3649 1797 3756 habendi,
1817 3649 1967 3738 utilra-

317 3777 440 3884 endi,
456 3804 507 3859 ac
527 3785 729 3886 perpetue
746 3773 1008 3884 possidendi,
1025 3781 1232 3882 tanquam
1248 3797 1368 3854 veras
1387 3781 1429 3854 et
1443 3771 1651 3884 legitimas
1669 3769 1967 3880 haereditatem

317 3922 369 3980 ac
390 3898 695 3980 ecclesiasticas
729 3894 1057 4005 assignnciones.
1109 3892 1336 3976 Praeterea
1375 3891 1590 3992 addimus,
1633 3889 1837 3973 donamus
1861 3893 1966 3977 et'in

317 4028 572 4126 perpetuum.
604 4016 872 4125 assignamus
904 4023 1085 4120 quatuor
1099 4037 1268 4092 ,marcas
1290 4035 1532 4121 grossorum
1551 4011 1596 4090 in
1618 4007 1803 4093 Ciuitate
1821 4022 1967 4096 nestra

318 4131 577 4221 Camstectour
612 4133 831 4245 praedicta
853 4133 926 4215 de·
954 4159 1085 4215 censu
1119 4137 1261 4214 nestm
1298 4157 1324 4210 a
1355 4127 1529 4212 Civibus
1567 4127 1761 4213 Civitatis
1796 4139 1965 4224 noemae

315 4253 522 4357 eiusdem,
542 4257 584 4336 iu
606 4265 648 4336 et
668 4279 795 4362 super
814 4249 921 4336 festo
943 4249 986 4336 S.
1008 4249 1176 4334 Martini
1211 4247 1495 4353 Confesscris,
1531 4277 1607 4356 per
1627 4246 1964 4358 fratrcspraedb

316 4381 410 4456 ctos
441 4371 616 4482 singulis
648 4374 767 4454 annis
797 4371 1087 4480 percipiendas
1111 4379 1153 4450 et
1173 4378 1375 4478 perpetuo
1406 4365 1699 4475 possidendae.
1750 4365 1856 4447 Item
1879 4368 1963 4452 duo

318 4489 497 4574 macella
518 4489 651 4572 libera
673 4491 879 4594 carnium,
900 4499 949 4571 ut
969 4490 1023 4572 de
1044 4515 1146 4596 sepo
1170 4485 1266 4600 (sic)
1290 4487 1341 4568 de
1362 4486 1463 4594 ipsis
1484 4486 1756 4592 proveniente
1777 4484 1961 4570 macellis

315 4609 471 4694 lumina
506 4608 712 4693 conficere
747 4608 920 4692 valeant
953 4635 1029 4719 pro
1066 4633 1208 4690 eorum
1243 4605 1491 4686 necesitate.
1541 4602 1771 4686 Eximimus
1793 4608 1962 4716 insuper

176 4849 178 4852 Ι
281 4900 284 4906 ·
420 4869 458 4952 11)
482 4869 648 4948 Krousa,
662 4867 740 4934 urbs
756 4889 832 4937 suae
846 4867 1020 4964 parocbiae
1036 4873 1146 4952 caput,
1160 4863 1194 4930 in
1208 4861 1500 4946 Czestochoviensi
1514 4861 1657 4952 regione.
