4930 5922
1132 700 1311 810 -ιιιι
1363 737 1414 756 -

432 919 665 996 sententur.
697 907 755 990 Et
774 914 822 988 ut
843 902 1040 989 Civitatis
1063 903 1252 989 eiusdem
1273 905 1469 990 condicio
1490 901 1742 1008 melioretur,
1763 903 1948 988 annuale
1969 903 2105 988 lorum

432 1029 477 1110 iu
497 1027 605 1112 festo
637 1023 764 1108 beate
802 1021 1044 1134 Margarete
1080 1050 1220 1134 usque
1242 1023 1299 1106 ad
1321 1026 1411 1106 eius
1450 1019 1661 1106 Octavam
1692 1021 1853 1106 servari
1885 1033 1929 1106 et
1957 1021 2106 1106 haberi

353 1211 356 1220 .
432 1147 625 1230 volumus
647 1169 745 1226 cum
767 1139 1010 1228 omnimoda
1029 1140 1249 1258 libertate;
1281 1141 1498 1226 Monetam
1530 1139 1664 1222 eciam
1685 1166 1782 1250 pro
1775 1139 1965 1224 utilitate
1989 1139 2106 1224 Civi-

435 1264 533 1346 tatis
555 1291 631 1374 per
653 1261 888 1345 advocatos
920 1253 1239 1362 instaurandam
1271 1259 1547 1374 concedimus
1580 1267 1624 1338 et
1643 1255 1850 1342 lavemus.
1905 1258 2106 1364 Ceterum

434 1383 513 1465 alie
534 1377 633 1494 (sic)
655 1377 809 1462 Jncole
839 1376 1126 1487 undecunque
1156 1381 1376 1462 venientes
1399 1375 1454 1458 ad
1475 1373 1844 1458 inhabitandam
1829 1402 1966 1483 ipsam
1989 1358 2106 1462 Civi-
2198 1389 2202 1394 '

431 1509 565 1583 tatem
585 1525 663 1608 per
687 1498 871 1578 ducatus
889 1503 1056 1578 nostros
1090 1495 1296 1602 Oracovie
1321 1505 1363 1577 et
1385 1493 1668 1598 Sandomirie,
1703 1492 1880 1580 liberum
1917 1493 2109 1580 habeant

431 1617 678 1702 transitum
696 1612 950 1696 athelensis
982 1612 1278 1716 absolvuntur,
1302 1621 1345 1694 et
1364 1612 1492 1720 ijdem
1514 1609 1699 1694 Jncole
1688 1640 1734 1694 ιιι
1756 1610 1869 1697 civit
1852 1623 1941 1694 tate
1962 1637 2106 1696 comc-

431 1744 574 1820 rantes
597 1759 672 1842 per
692 1739 916 1840 utramque
947 1725 1172 1828 Warthan,
1194 1731 1240 1812 id
1261 1739 1327 1812 est
1347 1731 1507 1812 brenam
1526 1730 1568 1811 in
1589 1729 1764 1838 wulgari
1785 1755 1933 1836 versus
1955 1729 2107 1842 Unga·

320 1837 324 1855 ⁸
431 1854 558 1956 riam,
589 1851 646 1932 ad
676 1849 832 1932 nullum
865 1847 1000 1928 eciam
1036 1845 1285 1931 theloneum
1300 1857 1538 1930 teneantur.
1599 1847 1883 1957 Adiungimus
1908 1849 2042 1930 eciam
2063 1851 2106 1931 in

433 1969 701 2080 presentibus
737 1965 1035 2067 decernentes,
1055 1991 1110 2044 ne
1131 1966 1227 2076 quis
1258 1967 1302 2047 in
1334 1967 1482 2074 spacio
1519 1967 1643 2048 unius
1679 1963 1851 2049 Miliaria
1890 1967 1945 2048 ad
1982 1993 2106 2053 omne
2176 1957 2181 1978 ¹
2233 1966 2235 1970 ’
2275 1975 2280 1982 ’

433 2085 762 2173 latus-Civitatis
783 2083 973 2165 eiusdem
995 2080 1248 2164 thabernam
1284 2083 1465 2167 braxare
1489 2085 1650 2167 audeat
1665 2079 1750 2168 ullo
1771 2085 1921 2189 mod03
1937 2079 1942 2088 ’
1960 2085 2106 2170 decer·

433 2213 582 2287 nentes
602 2207 646 2286 in
668 2203 815 2313 spacio
838 2200 988 2282 eodem
1008 2199 1123 2282 nulla
1141 2227 1219 2309 per
1241 2191 1483 2312 quempiam
1516 2201 1697 2284 artificia
1728 2227 1936 2286 exercere.
1988 2200 2105 2310 Apli-
2190 2189 2193 2197 ’

434 2351 581 2406 camus
614 2321 749 2402 eciam
783 2317 920 2400 eidem
952 2313 1128 2400 Oivitati
1149 2319 1205 2400 ad
1225 2330 1273 2400 ut
1257 2319 1451 2401 tilitatem
1482 2347 1630 2402 nemus
1664 2321 1850 2404 exomni
1880 2328 2020 2428 parte,
2041 2323 2106 2429 pi·

343 2499 345 2504 ,
433 2439 675 2524 scarionem
700 2445 744 2518 et
761 2433 1040 2519 venacionem
1060 2436 1102 2518 in
1123 2436 1247 2517 metis
1271 2445 1315 2519 et
1334 2437 1523 2520 terminis
1546 2438 1747 2545 ipsorum.
1785 2437 1983 2520 Predicta
2002 2465 2103 2521 vero

436 2557 598 2644 Civitas
618 2556 760 2638 locata
784 2579 879 2636 esse
900 2551 1031 2636 debet
1050 2552 1130 2637 sub
1153 2552 1332 2638 duribus
1353 2555 1561 2638 universis
1577 2554 2004 2668 Meydburgensibus,
2020 2583 2105 2666 que

433 2679 479 2758 in
500 2673 696 2758 Ciuitate.
707 2672 980 2757 Oracovicusi
1014 2699 1178 2754 exnunc
1211 2674 1380 2811 vigent,
1401 2682 1446 2756 et
1465 2673 1675 2756 hactenus
1712 2675 2011 2784 viguerunt,u
1980 2675 2105 2756 utad

434 2791 517 2878 dus
538 2790 696 2874 ibidem
717 2788 996 2902 prescriptum
1015 2798 1255 2892 recurrant,
1276 2793 1311 2872 si
1335 2789 1387 2872 ds
1410 2791 1553 2901 aliquo
1574 2789 1701 2874 fuerit
1720 2790 1973 2875 dubitatum.
2004 2791 2105 2902 Pre-

435 2907 582 2993 dictas
603 2918 746 2992 autem
766 2908 1002 3010 utilitates,
1041 2906 1164 2990 dictis
1202 2849 1424 2993 advocatis
1461 2905 1692 3012 Bertboldo
1724 2917 1767 2990 et
1797 2908 1984 2992 Amoldo
2006 2935 2103 2996 cum

434 3029 522 3110 suis
543 3025 743 3110 fratribus
765 3026 972 3109 universis
995 3034 1038 3108 et
1060 3051 1220 3120 eorum,
1234 3005 1551 3110 successoribus
1580 3025 1797 3137 legittimis
1820 3025 1918 3138 (sic)
1950 3025 2104 3108 liberas

434 3145 491 3231 ad
510 3145 805 3244 vendendum,
828 3144 884 3228 ad
906 3144 1151 3227 donandum
1181 3117 1356 3254 prefatis
1388 3143 1565 3228 duribus
1595 3144 1820 3253 perpetuis
1841 3141 2103 3265 temporibus

435 3263 756 3400 condonamus,
770 3273 813 3345 et
833 3261 1005 3344 easdem
1035 3263 1144 3344 inter
1175 3291 1222 3346 se
1252 3263 1524 3372 percipiant
1523 3255 1565 3344 et
1593 3261 1837 3371 parciantur
1868 3257 2105 3344 secundum

429 3383 645 3494 justiciam
668 3408 759 3491 pan
746 3379 918 3465 modo.
981 3377 1031 3461 In
1053 3379 1173 3462 cuius
1194 3382 1255 3462 rei
1276 3382 1565 3464 testimonium
1601 3389 1820 3492 presentes
1850 3379 1943 3463 fieri
1966 3391 2009 3463 et
2029 3405 2104 3463 no-

434 3510 615 3585 strorum
648 3499 889 3610 Sigillorum
921 3497 1150 3580 mubimine
1181 3499 1379 3585 iussimus
1400 3498 1600 3582 roborari.
1653 3498 1845 3580 Datum
1832 3527 1877 3580 ιιι
1901 3493 2102 3580 Graeceio.

435 3618 558 3702 Anno
581 3618 752 3702 Domini
772 3616 828 3700 M.
840 3615 930 3702 00.
951 3617 1226 3728 nonagesimo
1249 3617 1450 3720 secundo,
1467 3645 1544 3725 per
1563 3643 1715 3699 manus
1736 3613 1911 3698 Henrici
1930 3615 2105 3723 protho-

435 3737 587 3844 notarij
611 3735 973 3821 Oracoviensist
931 3743 973 3817 et
994 3731 1361 3838 SandOmiriensis,
1381 3729 1579 3847 Quaz(‘?)
1615 3734 1827 3843 wlgariter
1847 3731 2104 3850 nuncupati·

437 3861 556 3937 sexto
578 3853 688 3962 ydus
710 3853 975 3937 Novembris.
