4930 5922
1092 659 1567 800 ..ue-⁸·

397 921 537 1042 «ipius
560 923 622 1010 eie
644 919 799 1024 emnia,
819 916 876 1006 ad
897 916 1055 1004 dictam
1091 917 1363 1012 educentium
1397 917 1656 1032 pertinentia
1683 921 1910 1038 iungentes
1929 923 1974 1010 in
1995 924 2071 1015 ali.

394 1069 485 1156 qua
505 1038 604 1153 (eie)
628 1037 680 1124 de
702 1033 844 1148 gratia
874 1036 1042 1144 spetiali
1062 1033 1175 1148 (sic).
1226 1033 1465 1122 Habebunt
1496 1037 1629 1154 igitur
1663 1040 1755 1128 iure
1787 1043 2069 1134 haereditario
2163 1117 2170 1124 .
2306 1039 2309 1046 ’

394 1161 708 1268 imperpetuum
742 1155 846 1264 dicti
880 1152 1094 1240 A'ruoldue
1116 1163 1160 1239 et
1179 1151 1332 1238 fratres
1353 1155 1444 1242 eius
1466 1155 1519 1242 de
1539 1157 1769 1268 sexaginta
1800 1165 1959 1250 mancis
1995 1161 2071 1274 qui

177 1351 181 1362 .
264 1355 269 1364 ,
394 1275 557 1362 ibidem
576 1281 675 1358 sunt
694 1271 763 1358 vel
784 1281 919 1375 erunt,
940 1281 1108 1358 sextum
1127 1299 1324 1360 mausum
1344 1271 1522 1358 liberum
1552 1301 1747 1372 ecensu.
1777 1275 1888 1364 Item
1907 1277 2070 1374 Molem.

394 1395 498 1478 dina
517 1400 747 1500 castagna
776 1390 822 1474 in
842 1415 919 1474 suo
957 1388 1153 1476 ffietrietu
1188 1398 1435 1475 construent
1471 1397 1684 1504 quotquot
1716 1391 1881 1499 uolent,
1917 1403 1963 1478 et
1997 1395 2069 1486 ille

395 1520 605 1622 perpetue
626 1506 761 1594 libera
779 1505 1061 1615 possidebunt
1076 1534 1156 1594 nec
1173 1507 1298 1590 alicui
1317 1506 1463 1592 licebit
1477 1520 1723 1600 construere
1738 1522 1908 1620 praeter
1924 1539 2069 1606 eorum
2162 1547 2166 1559 ¹
2202 1559 2209 1574 ·

393 1629 670 1714 voluntatem.
712 1625 824 1711 Item
843 1623 1021 1710 macella
1042 1625 1244 1727 carnium,
1265 1651 1434 1731 mensas
1455 1653 1615 1734 panum
1638 1636 1681 1710 et
1702 1629 1942 1716 aulaeorum
1964 1656 2068 1718 ccu-
2136 1678 2142 1689 ·

393 1753 560 1830 sudant
579 1749 793 1855 quotquot
811 1743 975 1844 volent,
999 1749 1042 1824 et
1060 1741 1135 1830 ille
1153 1750 1360 1852 perpetuo
1381 1742 1515 1826 libera
1534 1745 1835 1853 possidebunt,
1855 1748 1918 1852 eie
1940 1748 2068 1836 etiam

392 1865 619 1946 sertorium
650 1860 693 1944 in
723 1887 808 1970 quc
840 1867 1080 1946 mwtautur
1119 1887 1278 1968 pecora
1317 1861 1680 1972 quandocumque
1719 1863 1928 1952 voluerint
1966 1890 2069 1948 ocn-

394 1988 561 2066 atruent
581 1985 624 2060 et
642 1975 746 2059 illud
764 1976 898 2060 libere
925 1975 1216 2085 possidebunt.
1265 1977 1458 2062 Tertium
1494 1978 1712 2066 denarium
1733 1980 1786 2064 de
1808 1980 2068 2068 Juditicrum

392 2095 617 2180 habebunt
636 2092 926 2202 presentibus,
943 2091 1050 2188 duos
1072 2097 1223 2178 nostris
1244 2096 1395 2180 usibus
1415 2095 1714 2206 relinquentem
1738 2090 1899 2182 Omnes
1922 2085 2068 2185 cutem

393 2239 546 2298 causas
584 2238 696 2323 quae
734 2209 893 2292 ibidem
930 2213 1195 2315 emerserint,
1216 2213 1306 2294 sine
1328 2210 1606 2295 diminutione
1623 2211 1957 2316 indicabunt,·in
1975 2215 2067 2296 iure
2079 2191 2165 2359 s
2185 2273 2191 2286 ,

328 2401 332 2408 .
393 2327 676 2441 Lembarpeaea‘
692 2324 748 2440 (³)
769 2329 813 2410 in
834 2326 1031 2444 omnibus
1052 2325 1331 2440 perfruentur.
1385 2328 1550 2412 Demus
1571 2330 1712 2434 etiam,
1733 2357 1810 2438 prc
1833 2329 2078 2420 communia·¹
2097 2347 2156 2464 s

392 2447 482 2532 brae
509 2446 682 2556 pascuis
718 2471 930 2553 pecorum.
957 2444 1147 2555 quinque
1162 2471 1339 2554 ⁸mansos
1360 2456 1566 2556 perpetuo
1587 2447 1867 2556 possidendos
1890 2445 2095 2554 ciuitatis

392 2565 565 2650 Debent
605 2571 750 2644 autem
783 2589 874 2644 esse
896 2561 1151 2670 Franccnici
1186 2589 1333 2646 omnes
1368 2565 1506 2646 mansi
1541 2565 1792 2672 praenotati.
1844 2563 2063 2648 Ecclesiae
2113 2577 2127 2636 r

393 2683 523 2766 etiam
542 2679 702 2767 ibidem
721 2707 853 2762 unum
872 2705 1067 2762 maneum
1086 2679 1266 2764 liberum
1285 2690 1493 2788 perpetuo
1515 2683 1797 2792 assignamus.
1829 2679 2068 2764 Habebunt
2110 2643 2137 2794 lq

392 2800 566 2908 insuper
586 2798 631 2878 in
652 2796 838 2881 Ciuitate
859 2806 1024 2879 sextam
1047 2795 1221 2880 Curiam
1241 2797 1436 2900 liberam,
1461 2807 1504 2878 et
1524 2807 1624 2880 ante
1646 2798 1866 2880 ciuitatem
1885 2795 2065 2880 liberum
2127 2867 2134 2903 ‚

391 2925 560 3000 sextum
595 2913 777 2998 hortum.
822 2912 1001 3022 Insuper
1035 2922 1159 3020 prata
1195 2913 1411 3024 quaedem
1441 2939 1541 2999 cum
1561 2914 1785 3000 adiacente
1806 2914 1929 3022 sijlua
1951 2915 2064 2995 circa
2124 2906 2133 2972 f

399 3031 623 3143 Vermjrum
644 3030 704 3112 eis
727 3029 920 3112 dedimus
942 3031 1115 3141 quando
1137 3031 1274 3112 mansi
1293 3056 1441 3112 versus
1461 3030 1676 3142 cemijram
1694 3040 1868 3143 propter
1882 3033 2067 3113 inunda-

391 3151 527 3238 tiones
551 3175 759 3262 aquarum
789 3145 947 3229 fuerint
981 3149 1201 3230 accurtati.
1253 3147 1663 3255 Insuper-dedimus
1686 3152 1745 3233 eis
1765 3149 1981 3234 licentiam
2001 3145 2066 3231 fa·
2134 3188 2144 3247 :¹
2243 3245 2250 3250 ,

392 3265 533 3349 ciendi
566 3263 872 3349 mellificia'ubi
891 3265 1041 3349 volunt
1059 3267 1102 3346 in
1125 3265 1254 3376 sijlvie
1291 3267 1457 3368 nostris,
1494 3275 1539 3348 et
1573 3267 1642 3351 illa
1678 3267 1883 3378 quamdiu
1918 3265 2066 3376 syluae
2137 3291 2155 3390 ‘q
2193 3361 2195 3366 ¹

318 3370 325 3384 ⁶
392 3409 479 3467 non
512 3381 670 3470 fuerint
688 3371 873 3466 'omnino
908 3391 1131 3466 resecatae
1164 3381 1293 3466 libere
1329 3382 1587 3490 possidendi.
1638 3383 1858 3468 Dedimus
1888 3377 2062 3492 insup'er
2146 3393 2150 3410 ’

391 3498 588 3588 omnibus
608 3497 965 3586 inhabitatoribus
987 3499 1183 3584 Ciuitatis
1203 3501 1415 3586 licentiam
1435 3501 1631 3608 piscandi
1650 3501 1693 3584 in
1714 3497 1815 3586 Zolc
1832 3497 1943 3584 infra
1962 3523 2063 3583 suos
2121 3489 2127 3534 ³

227 3635 233 3649 “
391 3617 607 3704 terminos
656 3617 743 3712 Sed
765 3617 879 3700 dicti
903 3616 1097 3704 dominus
1118 3616 1330 3702 Arncldus
1352 3627 1395 3702 et
1414 3616 1565 3702 frates
1585 3619 1655 3706 siri
1674 3617 1919 3724 ubicunque
1940 3613 2062 3704 volu·
2122 3628 2161 3722 ’ξ’
2223 3707 2227 3716 ,

392 3735 500 3825 erint
517 3735 562 3818 in
582 3737 737 3820 nostris
757 3733 1001 3820 fluminibus
1021 3733 1313 3845 piscabuntur.
1351 3733 1449 3818 Hoc
1470 3735 1761 3820 custodientes
1783 3731 1903 3842 quod
1920 3729 2064 3820 nullus
2130 3753 2172 3824 ξ’
2284 3737 2308 3819 J

389 3845 757 3962 dissaeptoque
778 3851 868 3936 siue
890 3862 1036 3939 nostra
1054 3847 1227 3940 licentia
1246 3854 1434 3961 piscetur
1455 3855 1498 3936 in
1517 3851 1694 3936 eisdem.
1745 3849 1965 3935 Postremo
1987 3848 2063 3934 de-
2090 3871 2094 3878 ·
2184 3851 2214 3950 ’,ζ
2240 3947 2244 3958 Ι
2273 3895 2283 3928 .

390 3971 527 4060 (limus
551 3972 611 4054 eis
632 3969 750 4081 quod
764 3969 1057 4080 Quando
1094 3971 1320 4058 emendata
1354 3969 1481 4054 fixerit
1510 3970 1681 4073 civitas,
1706 3975 1748 4052 et
1765 3994 1965 4052 camerae
1984 3991 2062 4076 pro
2115 3943 2177 3988 s
2274 4035 2278 4042 .
2420 4023 2427 4044 .

386 4089 539 4200 pannis
559 4087 796 4173 vendendis
813 4097 1120 4192 construentur,
1136 4098 1302 4176 sertem
1324 4116 1539 4172 cameram
1561 4089 1783 4172 obtineant
1800 4084 1977 4169 liberam
1998 4082 2061 4168 eit
2098 4113 2137 4216 7

391 4215 435 4294 et
452 4203 610 4290 balnea
644 4203 806 4292 noiant
840 4203 974 4292 libere
1009 4216 1223 4318 quotquot
1256 4207 1418 4309 volent,
1439 4205 1553 4290 nulla
1571 4207 1752 4291 taberna
1770 4200 1881 4288 intra
1900 4199 2117 4292 miliare
2259 4261 2264 4284 .
2387 4272 2392 4286 .

266 4335 271 4344 “
388 4351 418 4406 a
437 4321 624 4419 Ciuitate
660 4323 917 4409 vineiabitur
936 4322 1035 4436 (sic)
1060 4334 1103 4409 et
1121 4325 1236 4410 nulla
1267 4351 1401 4408 causa
1430 4323 1740 4412 mutilationem
1773 4318 2059 4404 membrorum

389 4439 460 4524 vel
499 4441 809 4526 tremeationem
851 4443 1002 4551 capitis
1044 4444 1265 4554 continens
1309 4442 1566 4526 iudicabitur
1606 4447 1774 4550 praeter
1816 4435 2057 4521 ciuitatem:

490 4739 538 4820 (³)
559 4737 641 4809 «lure
670 4739 894 4828 Leontapeaei.
930 4741 1113 4827 Leomlerp
1142 4739 1301 4828 oppidum
1330 4737 1606 4808 uscanensis
1621 4717 1891 4822 suostantiam
1906 4741 2058 4801 nostrum

386 4822 593 4895 maceda
616 4823 689 4898 Leo
705 4825 1149 4940 stemuaethrurcterpt‚
1164 4823 1300 4894 undeet
1314 4822 1565 4906 uomeniprum.
1809 4877 1812 4882 ,
1852 4919 1913 4985 15*
2023 4875 2057 4916 .-
