4856 5932
957 654 1351 766 ¹*issiu-

304 979 308 988 ,
384 885 580 974 Civitatis
609 891 777 972 nostrae
808 879 930 967 Bieoz
959 879 1149 992 suburbij
1186 881 1429 968 huiusmodi
1457 880 1605 1001 damus
1626 879 1756 966 firmis
1776 884 1932 980 nostris
1951 881 2038 970 Re-

266 1065 270 1074 ·
384 1004 555 1118 gadibus
585 1005 628 1084 in
657 1001 889 1104 mandatis,
922 1009 1132 1110 quatenus
1163 1002 1389 1112 praedietis
1427 1001 1603 1088 Oivibus
1625 1011 1668 1086 et
1688 997 1945 1089 Consulibus
1985 1003 2042 1088 de
2094 1009 2095 1012 ‘

383 1121 597 1208 laboribus
620 1131 662 1204 et
682 1120 926 1206 obedientia
944 1121 1199 1232 respondere
1222 1120 1428 1205 debeatis.
1474 1117 1650 1228 duribus
1671 1131 1715 1204 et
1735 1148 1866 1206 censu
1886 1122 2039 1208 nostris

256 1294 265 1312 ·
382 1241 615 1354 Regalibus
651 1268 820 1351 semper
855 1239 997 1324 salvis.
1047 1239 1207 1324 Datum
1227 1241 1269 1323 in
1292 1240 1442 1361 Szahon
1462 1241 1505 1322 in
1525 1233 1673 1354 vigilia
1704 1241 1851 1328 Sancti
1869 1240 2041 1330 Martini

384 1360 634 1446 confessoris
666 1386 777 1445 anno
809 1359 1113 1464 domini1399,
1148 1359 1443 1470 praesentibus
1480 1361 1770 1446 tantummodo
1792 1361 2038 1450 adnostros

382 1479 614 1564 voluntatis
635 1477 950 1590 beneplacitum
970 1479 1171 1564 valituris.
1202 1479 1273 1566 Ad
1292 1479 1544 1565 relacionem
1567 1481 1606 1564 d.
1623 1479 1789 1566 Nieolai
1811 1481 1863 1563 de
1878 1476 2039 1563 Carowo

382 1599 586 1710 Episcopi
607 1598 981 1689 Wladislaviensis.
1750 1597 1754 1606 ’

719 2193 729 2214 0
875 1993 878 2002 ’
985 2113 988 2123 ι
1088 2011 1380 2158 ouuuv..

634 2293 1092 2382 Gronovius-26
1109 2293 1431 2380 Noomora
1447 2295 1605 2384 14⁰0
1623 2315 1789 2382 nono.

423 2515 496 2589 siu
509 2513 548 2587 te
568 2474 699 2604 vaota
712 2514 833 2589 donno
847 2513 937 2589 Petro
952 2513 1122 2590 sutoria
1136 2515 1243 2590 sillan
1264 2517 1399 2586 Wstecza
1414 2535 1484 2591 orn
1496 2520 1570 2590 oret
1583 2518 1614 2590 ir
1628 2517 1772 2588 Zabram
1795 2515 1931 2592 venditi
1944 2519 1995 2602 (¹).

483 2721 514 2808 J
516 2723 703 2810 ohannes
727 2722 779 2805 de
801 2722 998 2808 lbuoozin
1014 2723 1283 2811 Castellanus·
1296 2720 1604 2832 Oraoouiensis,
1622 2725 1922 2838 significamus
1945 2723 2054 2837 qui·

380 2843 460 2930 bus
484 2844 654 2953 expedit
673 2841 891 2938 Vniuersis
911 2850 999 2927 tom
1019 2843 1285 2956 presentibus
1322 2872 1451 2957 quam
1471 2845 1621 2930 futuris
1642 2848 1910 2958 presencium
1929 2845 2040 2930 noti-

381 2962 491 3046 oiam
511 2962 730 3047 habituris.
778 2959 904 3063 Quod
925 2965 1343 3050 constitutuseoram
1364 2965 1553 3051 nobiset
1572 2973 1674 3050 tuno
1695 2965 1918 3052 nobiseum
1939 2989 2056 3052 eon·¹
2099 2971 2105 2980 “

380 3080 642 3166 sistentibus.
673 3081 838 3167 Nobilis
859 3080 934 3165 Vir
955 3082 1148 3171 dominus
1163 3083 1270 3169 Fido
1291 3083 1414 3167 heres
1430 3085 1483 3168 de
1503 3081 1726 3199 Wywlo(')
1743 3111 1874 3168 sanus
1896 3088 2039 3167 mente

381 3201 563 3286 existens
586 3211 629 3284 et
650 3227 823 3312 corpore
859 3227 945 3286 non
981 3203 1224 3311 compulsus
1257 3231 1337 3304 nec
1374 3216 1551 3305 maenis
1586 3229 1727 3314 neque
1764 3204 1905 3316 aliquo
1943 3198 2039 3287 dolo

381 3321 542 3431 astucia
565 3319 890 3406 Oireumuentus
912 3319 990 3402 sed
1011 3321 1065 3403 de
1084 3324 1218 3432 ipsius
1235 3320 1349 3406 bona
1365 3333 1408 3405 et
1423 3331 1661 3434 spontanea
1680 3324 1898 3409 voluntate
1917 3347 2041 3407 usus·

380 3465 465 3552 que
486 3467 664 3551 supereo
697 3465 867 3524 suorum
901 3439 1084 3524 consiliis
1108 3442 1337 3525 amicorum
1358 3439 1511 3527 Villam
1531 3469 1652 3527 suam
1675 3445 1833 3528 dietam
1861 3437 2041 3524 Wslecza

338 3565 340 3570 ’
378 3567 422 3642 o't
441 3557 538 3644 oum
559 3561 673 3643 Area
693 3559 737 3640 in
756 3557 856 3643 villa
876 3557 1060 3643 Zaorzoso
1084 3559 1138 3676 (³)
1161 3560 1243 3644 sibi
1264 3563 1486 3646 adiacente
1507 3565 1647 3671 ipsum
1667 3561 1920 3647 hereditarie
1941 3552 2039 3670 spe·

379 3687 544 3762 etentes
567 3663 881 3764 cum·0mnibus
904 3688 947 3763 et
967 3679 1144 3793 singulis
1164 3681 1353 3793 predicte
1373 3677 1472 3766 ville
1496 3679 1675 3765 Wsteczo
1691 3691 1736 3767 et
1757 3710 1853 3766 cum
1874 3673 2037 3763 areain

378 3795 563 3881 Zorrzow
584 3800 667 3882 sita
686 3797 936 3885 utilitatibus
958 3796 1165 3884 fructibus
1189 3811 1231 3883 et
1249 3800 1484 3885 redditibus
1511 3803 1719 3886 vniuersis
1740 3801 1902 3884 sedicet
1921 3823 2038 3880 eam-

376 3917 442 4027 pis
463 3917 591 4030 Agris
621 3917 797 4003 Pascuis
827 3918 989 4028 Predijs
1020 3917 1196 4028 Allodijs
1227 3919 1524 4005 kmethonibus
1557 3919 1798 4008 Thabernis
1818 3908 2038 4003 Ortulanis

274 4059 276 4067 ⁴
379 4035 504 4122 Siluis
535 4035 789 4122 Nemoribus
820 4035 986 4120 Meriois
1007 4033 1150 4122 Borris
1172 4037 1281 4150 geijs
1301 4037 1462 4122 rubetis
1483 4039 1677 4152 virgultis
1697 4039 1834 4127 Pratis
1855 4037 2036 4146 Pisninis

376 4154 580 4244 Laeubus
595 4150 827 4240 Paludibus
842 4155 1002 4264 Fluuijs
1023 4156 1184 4238 Riuutis
1206 4154 1394 4239 fontibus
1416 4159 1538 4272 aquis
1562 4167 1604 4244 et
1626 4189 1769 4245 earum
1791 4153 2040 4264 decursibus

312 4317 317 4324 ·
378 4287 422 4360 et
442 4277 698 4390 generaliter
718 4299 814 4358 eum
836 4269 1030 4358 omnibus
1050 4273 1258 4358 fructibus
1295 4275 1893 4392 quibuscunque-Nominibus
1913 4274 2040 4361 woei·

484 4513 521 4592 (¹)
545 4513 599 4579 Ex
617 4511 799 4611 archetypo
815 4509 1030 4596 descriptum.
1372 4570 1378 4582 s

483 4596 521 4677 (ἓ)
543 4597 606 4665 Est
619 4598 716 4665 hodie
733 4597 810 4662 villa
832 4595 955 4685 Wywta
973 4595 1131 4662 territorii
1145 4595 1505 4686 Kieloensisregionis
1534 4598 1829 4685 Jodrzejoviensis,
1858 4595 2038 4686 parochiae

379 4679 422 4747 ad
436 4679 546 4746 villam
561 4682 736 4772 Goleaiowy
752 4680 942 4770 spectantis.
972 4681 1119 4770 Wywolo‚
1135 4683 1275 4748 fortasse
1289 4697 1406 4750 nostra
1429 4685 1560 4774 Wywla.

485 4767 525 4846 (³)
547 4765 673 4836 Multae
688 4779 765 4836 sunt
780 4768 875 4834 villae
891 4765 1036 4852 ejusdem
1052 4766 1192 4834 nominis
1206 4767 1241 4834 in
1255 4766 1374 4854 Regnd
1389 4767 1546 4837 Polouise
1565 4769 1733 4837 moderno.
1762 4769 1917 4836 Proxima
1940 4765 2038 4834 villae

386 4850 512 4940 Wywlo
527 4849 635 4918 diotae
649 4863 701 4921 est
718 4853 864 4922 Zotrzow
878 4853 1066 4922 Kieloensis
1081 4853 1226 4940 regionis
1241 4861 1275 4918 et
1288 4854 1456 4940 territorii,
1475 4853 1654 4942 parochiae
1669 4852 1973 4944 Weglesaynansis.
