4930 5922
1114 667 1288 764 ...⁶133
1342 727 1394 746 .-

417 900 620 1010 preoipue
639 922 735 975 curn
756 891 981 972 maxima...
1002 915 1080 997 pro
1100 890 1307 999 religione
1328 887 1470 970 faciat.
1494 889 1653 972 Notum
1674 916 1769 972 esse
1784 889 1979 973 volumus
1994 895 2088 973 uni-

417 1019 549 1100 versis
564 998 833 1120 presentibus
851 1017 894 1088 et
909 1005 1071 1088 futuris.
1106 1004 1329 1105 Quomodo
1346 1033 1423 1089 nos
1439 1007 1600 1090 Lestlro
1619 1005 1687 1087 dei
1702 1009 1850 1116 gocia
1865 1005 1967 1089 Dux
1982 1009 2088 1106 Ora·

369 1225 374 1238 ¹
418 1135 538 1218 covie
560 1123 823 1214 Sandomirie
846 1135 889 1206 et
911 1124 1077 1208 Siradie
1098 1151 1245 1208 omnes
1268 1125 1457 1207 actiones
1478 1125 1709 1234 legittimae
1728 1135 1969 1208 nostrorum
1988 1153 2087 1235 pro·-

417 1251 656 1360 genitorum
676 1247 775 1326 ritte
796 1241 933 1326 factae
952 1243 998 1324 in
1018 1242 1357 1325 stotu'volentes
1367 1269 1443 1350 pro
1468 1241 1566 1353 (sic)
1603 1243 1803 1326 incolumi
1822 1271 2083 1350 permanere.
2182 1315 2186 1320 .

319 1571 323 1586 r
415 1523 554 1591 Polonie
575 1523 718 1606 Magnus
735 1517 1079 1603 dux'Lythuanienec
1095 1527 1337 1583 nonterrarum
1354 1510 1517 1583 Cracovie
1545 1515 1908 1584 Sandomirie.Siradie
1924 1517 2084 1582 Lancicie
2201 1546 2205 1552 ·

417 1607 553 1681 Cuiavie
568 1605 687 1687 Rbssie
704 1604 841 1670 Prussie
857 1601 1044 1668 Culmensis
1057 1599 1271 1686 Elbingensis
1286 1601 1551 1684 Pomerauicque
1565 1601 1718 1668 dominus
1731 1615 1765 1668 et
1777 1601 1874 1666 berea
1886 1610 1951 1668 eto.
1968 1589 2121 1700 Signi-'⁴'

416 1693 549 1757 ficamus
566 1701 681 1756 tenore
697 1687 906 1772 presencium
923 1685 1041 1771 quibus
1058 1685 1194 1780 expedit
1208 1685 1373 1750 universis
1390 1685 1601 1769 presentibus
1618 1696 1651 1750 et
1666 1686 1785 1750 futuris
1799 1685 1912 1772 harum
1928 1687 2084 1772 noticiam
2180 1763 2185 1774 Ι
2295 1729 2299 1736 -

357 1807 363 1822 =
415 1775 586 1844 habituris.
611 1771 787 1855 Quomodo
803 1771 837 1834 in
853 1781 969 1836 nostra
984 1767 1321 1852 Consilrariorumque
1352 1778 1543 1834 nostrorum
1558 1771 1733 1854 presencia
1747 1771 1947 1834 constitutus
1960 1769 2083 1854 'perso-

414 1861 533 1926 naliter
547 1856 757 1923 Venerabilis
773 1865 808 1919 et
822 1853 1009 1940 Religiosus
1035 1853 1199 1938 Magister
1225 1849 1397 1920 Jobennes
1425 1852 1543 1920 Abbas
1564 1855 1759 1938 Monasterij
1777 1861 1891 1918 sancte
1908 1853 2025 1921 Crucis
2042 1853 2083 1919 de

416 1945 520 2014 Calvo
536 1950 660 2020 monte,
677 1939 803 2018 ordinis
820 1938 925 2003 sancti
940 1937 1126 2022 Benedictj‚
1144 1959 1205 2002 suo
1221 1949 1255 2004 et
1271 1938 1379 2002 tocius
1407 1935 1601 2008 Conventus
1627 1939 1824 2023 Monasterij
1841 1939 1963 2022 prefati
1978 1939 2083 2004 nomi-

416 2027 522 2092 nibus.
539 2025 809 2093 exhibuitcertas
827 2021 996 2108 privilegij
1009 2019 1132 2087 'literas
1149 2019 1388 2106 infrascriptae.
1406 2017 1486 2084 licet
1501 2023 1600 2088 nimia
1612 2032 1775 2086 vetustate
1793 2024 1976 2105 consectas,
1993 2043 2083 2086 mor-

416 2133 518 2194 suque
533 2107 691 2173 vermium
706 2126 834 2183 exesas,
863 2105 951 2170 omni
977 2115 1089 2170 tamen
1104 2107 1310 2190 suspicionis
1321 2116 1401 2170 nota
1417 2115 1579 2172 carentes.
1616 2107 1888 2191 Supplicavitque
1917 2105 2094 2180 humiliter,

415 2204 527 2260 nostre
553 2190 720 2258 Maiestati
736 2201 772 2254 ut
788 2190 860 2255 illas
886 2209 1048 2253 renovare
1076 2211 1116 2274 ap
1144 2189 1262 2254 robare
1279 2200 1312 2255 et
1327 2189 1522 2254 confirmare
1549 2191 1737 2277 benigniter
1752 2191 1972 2276 dignaremur,
1990 2191 2080 2274 Qua·

414 2302 484 2344 rum
500 2277 648 2358 sequitur
662 2283 770 2339 tenor.
793 2274 878 2352 (Huc
891 2274 1092 2359 privilegium
1136 2277 1159 2336 ⁰.
1176 2274 1297 2356 LXII).

519 2360 587 2426 Nos
602 2359 714 2440 itaque
729 2357 851 2441 prefati
865 2357 1010 2436 Abbatis
1025 2351 1200 2440 tociusque
1214 2359 1285 2424 eius
1301 2357 1496 2426 Conventus
1522 2357 1746 2441 peticionibus
1765 2367 1919 2442 tanquam
1936 2357 2033 2425 iustis
2049 2369 2082 2424 et

415 2445 540 2511 racioni
556 2441 716 2507 consonis
732 2451 913 2506 annuentes
929 2441 1132 2525 preinsertas
1147 2441 1312 2526 privllegij
1328 2441 1441 2506 literas
1457 2441 1554 2504 velud
1563 2443 1643 2522 (sic)
1659 2445 1744 2507 iuste
1761 2453 1794 2506 et
1808 2443 1838 2506 le
1864 2439 1968 2506 i'ttime
1986 2442 2080 2508 datas

413 2531 453 2597 de
471 2525 698 2592 munificencia
713 2525 920 2590 celsitudinis
947 2535 1061 2589 nostre
1089 2527 1193 2612 Regio
1213 2525 1422 2590 ratificandas
1439 2526 1672 2609 approbandas
1686 2467 1892 2590 innovandas
1908 2535 1942 2589 et
1958 2526 2080 2590 contir-

415 2612 532 2678 manda
548 2610 627 2691 (sic)
644 2608 805 2688 duximus,
824 2609 1086 2692 ratificamusque
1102 2609 1324 2694 approbamus
1354 2609 1548 2674 innovamus
1563 2621 1597 2675 et
1612 2609 1841 2676 confirmamus
1857 2610 2080 2695 presentibus

415 2697 633 2762 decernentes
649 2693 757 2758 casin
773 2691 925 2758 omnibus
941 2691 1076 2777 punctis
1093 2694 1239 2759 articulis
1255 2704 1289 2757 et
1304 2693 1459 2758 clausulis
1476 2714 1514 2758 ac
1530 2694 1786 2760 condicionibus
1801 2693 1904 2759 robur
1921 2706 2080 2780 perpetue
2152 2716 2163 2736 ·

414 2780 577 2845 firmitatis
603 2775 837 2842 inviolabiliter
864 2775 1052 2843 observare.
1090 2779 1249 2842 Preterea
1263 2778 1338 2842 dum
1355 2776 1502 2842 clausula
1516 2777 1549 2840 in
1565 2779 1716 2862 presenti
1730 2778 1906 2865 privilegio
1924 2779 2082 2844 ratificata

414 2864 480 2930 scri
505 2871 539 2926 ta
554 2862 595 2926 de
612 2861 892 2943 quinquenarius
907 2863 1035 2947 argentj
1054 2861 1121 2926 sale
1138 2885 1179 2928 ex
1194 2861 1311 2945 zuppis
1326 2860 1580 2931 Bocbnensibue
1597 2861 1765 2930 solvendis
1779 2863 1932 2931 nonnulis
1948 2862 2099 2932 dubium.

413 2886 619 3029 intelligendi
634 2953 767 3029 pararet
782 2945 927 3028 quidque
944 2943 1139 3010 solvendum
1164 2954 1255 3010 esset
1281 2945 1432 3032 ambigua
1459 2947 1635 3010 contencio
1652 2969 1869 3030 sepenumero
1887 2945 2079 3029 origebatur
2135 2971 2138 2977 ·
2209 2997 2213 3012 .

413 3033 493 3113 (sic)
515 3028 654 3115 proinde
681 3027 833 3095 volentes
849 3053 891 3092 ne
907 3029 987 3112 quid
1001 3030 1148 3114 posteris
1165 3029 1254 3114 dubij
1271 3028 1304 3092 in
1320 3052 1360 3092 eo
1377 3027 1581 3111 relinquatur
1597 3029 1774 3094 clausulam
1788 3029 1877 3092 illam
1891 3028 2078 3117 intelligen-

414 3117 486 3182 dam
502 3112 847 3197 interpretandamque
863 3112 1203 3196 decrevimus-,eoque
1219 3113 1320 3176 nodo
1336 3111 1589 3197 interpretamur
1609 3113 1905 3196 Statuentes'quod
1920 3113 2078 3200 Zupproeij

411 3198 631 3268 Bocbnenses
645 3219 707 3281 pro
724 3205 876 3281 ternpore
903 3198 1086 3280 existentes
1110 3197 1240 3283 prefato
1266 3197 1403 3280 Abbati,
1429 3199 1557 3280 totique
1584 3197 1656 3265 eius
1680 3196 1871 3268 Conventui
1898 3221 2080 3282 eorumque

413 3279 664 3351 successoribus
692 3281 836 3364 quinque
864 3281 943 3347 salis
968 3279 1116 3347 benecos
1142 3282 1292 3366 integros
1315 3281 1558 3367 cracovienses
1587 3283 1721 3346 'racione
1743 3281 1918 3358 earundem
1934 3283 2078 3366 quinque

411 3387 592 3431 marcarum
617 3366 745 3450 argentj
771 3364 909 3451 singulis
924 3367 1017 3432 annis
1034 3366 1112 3431 dare
1128 3353 1294 3430 debebunt
1311 3375 1344 3430 et
1358 3365 1557 3432 tenebuntur
1573 3375 1734 3451 perpetuo
1752 3377 1786 3432 et
1800 3368 1834 3431 in
1850 3389 1945 3433 evum
1961 3377 2078 3432 tenore

410 3451 619 3537 presencium
645 3449 820 3513 mediante.
859 3449 898 3513 In
914 3451 1007 3514 cuius
1035 3451 1082 3515 rei
1105 3449 1328 3515 testimonium
1356 3449 1505 3535 Sigillum
1532 3459 1681 3514 nostrum
1706 3451 1917 3535 presentibus
1933 3459 1985 3516 est
2000 3451 2078 3517 sub·

410 3556 536 3620 appens
561 3555 601 3597 m.
637 3531 758 3600 Actum
777 3532 1063 3600 inconvencione
1091 3533 1237 3620 generali
1262 3532 1458 3600 Lublinensi
1487 3533 1635 3604 Sabbata
1661 3535 1737 3620 festj
1767 3539 1871 3620 sancti
1899 3535 2076 3602 Valentini.

409 3619 509 3686 Anno
539 3556 663 3682 liomini
678 3616 855 3684 Millesimo
872 3618 1138 3702 quingentesimo
1156 3627 1251 3682 sexto
1268 3618 1375 3707 Regni
1391 3617 1499 3682 nostri
1514 3619 1640 3702 quinto.
1677 3619 1893 3684 Prescntibus
1909 3619 2076 3684 Reueren-

412 3701 555 3768 dissimis
572 3709 605 3766 et
619 3701 825 3766 Reuerendis
842 3701 876 3766 in
893 3699 1029 3768 Christo
1058 3701 1207 3788 patribus
1228 3701 1372 3782 ¹dominis
1397 3701 1533 3767 Andrea
1552 3701 1742 3768 Gneznensi
1758 3711 1791 3767 et
1805 3703 1954 3784 primate.
1992 3703 2076 3767 Ber·

409 3787 548 3851 nardino
578 3783 795 3868 Leopoliensi
823 3785 1111 3870 Arcbiopisoopis,
1140 3787 1272 3852 Joanne
1303 3786 1539 3855 Graeoviensis
1568 3785 1751 3852 Vincenoio
1791 3783 2079 3850 Wladislaviensis-

324 3901 326 3908 ’
409 3871 539 3938 Joanne
556 3867 796 3933 Poznaniensis
811 3869 951 3934 Erasmo
968 3870 1161 3936 Ploezensis
1176 3869 1303 3935 Mathia
1318 3869 1561 3934 Premislieusis
1578 3880 1611 3934 et
1626 3870 1733 3958 Regni
1748 3867 1886 3932 Polonie
1909 3867 2074 3934 Vicecan-

413 3952 547 4021 cebario
564 3951 688 4034 Episco
716 3952 744 4016 is
761 3961 794 4016 et
806 3951 944 4016 Nicoluo
961 3953 1001 4018 de
1019 3955 1203 4038 t‘oerzyelecz
1231 3955 1338 4018 electo
1355 3953 1561 4022 Chelmensis
1584 3951 1807 4018 ecclesiarum.
1840 3950 1990 4015 Necnon
2006 3975 2074 4016 ma-

285 4082 291 4090 ·
410 4036 541 4128 gnificis
558 3973 812 4099 venerabilibus
829 4044 862 4100 et
880 4037 1054 4122 generosis
1081 4023 1113 4104 S'
1130 4039 1244 4116 itlrone
1261 4039 1300 4102 de
1317 4039 1476 4104 Jaroslow
1505 4033 1693 4103 Czrstellano
1720 4037 1849 4101 doanne
1872 4034 1912 4097 de
1930 4033 2074 4100 Tarnow

375 4121 381 4132 '
409 4121 557 4210 palatino
584 4117 864 4184 Cracoviensibus
890 4119 1028 4185 Andrea
1043 4121 1084 4185 do
1102 4061 1289 4188 intromonte·
1316 4121 1544 4186 Poenaniensi.
1557 4119 1693 4186 Nicolao
1710 4120 1750 4184 de
1769 4121 1976 4216 bbmrfjenpccz
1989 4119 2074 4188 San·

412 4203 604 4272 domii-iensi
620 4201 756 4267 Nicolao
773 4201 942 4270 Gardzina
955 4204 996 4269 de
1011 4205 1191 4272 Ludbronez
1218 4203 1412 4273 Calissiensi
1427 4201 1581 4270 ‹laroslao
1598 4203 1638 4268 de
1655 4206 1757 4269 Laeto
1783 4203 1995 4268 Laucrcrensi
2010 4203 2074 4275 lo·

408 4313 491 4356 anne
508 4288 548 4352 de
568 4287 719 4352 Tbornow
738 4286 861 4351 Russie
880 4287 1071 4352 Prandotba
1094 4290 1133 4353 da
1154 4293 1239 4356 Trrzi
1255 4315 1318 4355 uno
1339 4289 1488 4354 Ravensi
1505 4287 1671 4354 Stanislao
1695 4285 1828 4350 Kmitba
1850 4284 1890 4350 de
1918 4287 2075 4375 lfgsrznim

410 4372 561 4440 Belzensi
577 4380 610 4436 et
624 4370 728 4435 Paulo
745 4369 830 4444 Colo
846 4370 887 4435 de
906 4371 1020 4438 daleow
1034 4373 1174 4438 Podolie
1193 4315 1351 4440 Paiatinis
1368 4373 1456 4439 Otba
1471 4371 1510 4436 de
1529 4373 1660 4438 Obodees
1674 4371 1892 4456 Leopoliensi
1913 4373 2015 4438 Petro
2032 4373 2073 4437 do

409 4455 598 4544 Nyenpplow
629 4455 783 4520 Rawensi
808 4454 935 4520 Mathia
949 4456 1010 4520 Bal
1026 4457 1066 4522 de
1084 4457 1274 4525 Noootuncee
1303 4455 1507 4524 Sanoczensi
1530 4454 1697 4521 Stanislao
1714 4453 1938 4538 Curopatbwa
1952 4455 2074 4522 ‹tela-
2101 4451 2108 4460 ’

408 4544 538 4606 malou
558 4537 746 4606 Cbelmensi
770 4537 901 4605 ‹loanne
928 4539 1106 4625 Slupeczki
1129 4541 1170 4608 de
1193 4537 1308 4608 Conari
1326 4540 1550 4608 Sandeczensi
1575 4537 1706 4604 Jacobo
1724 4539 1766 4604 de
1781 4539 1929 4626 Sportula
1953 4539 2074 4606 votui·

407 4623 512 4690 ciensi
537 4623 639 4686 Petro
666 4623 912 4710 Sobafmnijeca
936 4623 976 4689 de
1001 4623 1194 4712 Pyroelrleooa
1213 4628 1299 4692 elcale
1321 4624 1512 4691 Vislieiensi
1543 4623 1674 4689 ‹loanne
1705 4623 1834 4689 Jordan
1851 4623 1891 4686 de
1912 4623 2001 4698 Zaol'
2051 4639 2111 4692 κῇ
2207 4619 2210 4628 ’

407 4708 591 4806 Bpeczensi
606 4705 771 4774 Stauislco
795 4707 835 4774 de
863 4707 1129 4796 Mlodzyeyowieze
1144 4709 1357 4774 Radomiensi
1379 4707 1523 4773 Martino
1547 4703 1766 4774 Slrotbniozki
1780 4707 1836 4778 ,de
1853 4707 1995 4794 Boyorio
2056 4737 2072 4754 ·

338 4811 343 4819 ’
407 4786 642 4862 wrchostbonsi
662 4791 801 4857 ¹Andree
815 4791 855 4856 de
872 4791 1104 4879 Roduyowieu
1128 4793 1409 4860 Sochaozoviensi
1431 4791 1604 4858 leronimo
1627 4791 1671 4857 de
1692 4792 1843 4880 Cobylune'
1856 4789 2071 4874 Rosperiensi
2099 4801 2102 4807 '
