4930 5922
1132 699 1284 770 ...73
1335 733 1388 750 ..-

1163 1017 1363 1208 xxxiv.

764 1313 1075 1417 moranno
1088 1313 1184 1398 -2
1204 1313 1398 1396 martti
1421 1313 1561 1434 125!
1588 1337 1754 1442 anno.

427 1469 701 1570 notulas·
718 1499 786 1571 ltus
803 1499 1016 1570 emonensis
1031 1499 1065 1568 ot
1081 1496 1335 1570 Sandoniriunslt
1356 1499 1545 1590 monsterio
1564 1501 1695 1573 motat
1717 1503 1824 1576 marro
1844 1503 2000 1594 nupto
2023 1508 2090 1573 Za-

988 1597 1599 1704 mmfflmmffl·

528 1769 584 1853 In'
615 1771 782 1856 nomine
820 1769 978 1855 domini
1018 1795 1155 1853 amen.
1218 1765 1430 1870 Quoniam
1472 1799 1617 1857 omnes
1653 1777 1853 1862 morimur
1890 1787 1932 1860 et
1967 1781 2091 1890 quasi

425 1915 565 2000 aquae
603 1887 835 1991 dilabimur,
856 1917 911 1969 nc
931 1887 1167 1972 mortalium
1204 1898 1350 1998 gesta,
1387 1886 1541 1972 celebri
1572 1899 1616 1974 et
1644 1905 1852 2004 perpetua
1888 1897 2090 1998 memoria

427 2033 594 2116 semper
617 2003 759 2116 digna,
779 2015 1017 2115 temporum
1039 2007 1220 2088 decursu
1240 2005 1284 2086 in
1306 2002 1561 2090 oblivionem
1583 2007 1773 2118 adducta
1793 2023 1953 2124 queant
1974 2017 2089 2124 apud

424 2133 619 2232 posteros
659 2133 826 2207 nostros
847 2125 956 2232 pati,
979 2152 1031 2206 ex
1053 2121 1336 2234 ambiguitate
1368 2123 1591 2204 discrimen
1626 2125 1755 2236 digne
1778 2129 1915 2211 solent
1934 2161 2088 2242 perpe-

423 2237 745 2352 tuare(sic),res
766 2243 1137 2324 instrumentorum
1157 2243 1386 2324 munimine
1397 2269 1494 2323 cum
1516 2245 1786 2350 expressione
1807 2249 1977 2329 testium
1991 2277 2088 2356 per-

422 2359 620 2440 hennare:
644 2358 743 2439 hiric
766 2349 832 2442 est
853 2359 969 2468 quod
990 2385 1068 2441 nos
1088 2356 1307 2442 Boleslaus
1331 2360 1398 2440 dei
1421 2359 1560 2468 gratia
1598 2355 1892 2464 Oracovibnsis
1915 2373 1958 2446 et
1980 2364 2087 2448 San-

424 2475 685 2559 domiriensis
706 2473 827 2580 D'ux,
858 2473 1078 2560 Universis
1117 2474 1275 2559 Christi
1296 2473 1494 2559 fidelibus
1515 2476 1559 2556 in
1581 2503 1703 2560 omne
1725 2479 1941 2562 saeculnm
1962 2510 2086 2590 prac-

181 2597 189 2612 '
327 2655 332 2662 .
424 2619 519 2676 sens
540 2591 696 2701 pariter
719 2603 761 2675 et
779 2594 967 2676 futurum
986 2594 1286 2704 praesentibus
1322 2593 1500 2677 facimus
1536 2593 1826 2700 manifestum,
1864 2593 1990 2696 Quod
2010 2627 2086 2708 pro

424 2709 607 2794 remedio
629 2707 789 2794 foelicis
812 2711 978 2794 animae
998 2712 1129 2822 patris
1150 2713 1282 2798 nostri
1304 2711 1443 2795 clarae
1464 2712 1690 2796 momoriae
1726 2713 1903 2796 Illustris
1926 2713 2085 2800 Cracc-

423 2829 579 2912 viensis
612 2835 655 2910 et
676 2827 1029 2916 Sandomiriensis
1060 2827 1195 2910 Ducis
1225 2831 1452 2934 Lesconis‚
1476 2838 1519 2910 et
1537 2827 1828 2914 incolumitate
1856 2843 2001 2916 nostra
2043 2841 2087 2914 ct
2143 2925 2149 2942 ‚

422 2955 593 3032 nostrae
627 2947 842 3060 ingenuae
874 2947 1091 3060 genitricis
1114 2943 1420 3031 Grzimislsuae
1444 2953 1488 3028 et
1507 2945 1787 3060 Ounegundis
1809 2959 1978 3034 nostrae
2001 2948 2088 3036 Ge-

420 3091 598 3150 nerosce
634 3067 861 3174 consortis,
903 3089 1070 3175 semper
1110 3076 1393 3174 proponentes
1433 3063 1576 3148 Deum
1594 3067 1895 3176 inconspectu
1930 3078 2087 3170 nostru,
2191 3091 2195 3100 ’
2268 3167 2276 3182 .

422 3209 554 3296 aquo
590 3181 801 3268 habemus
839 3181 955 3296 quod
976 3184 1051 3295 qui
1070 3183 1252 3292 visimus
1275 3195 1318 3267 et
1333 3183 1559 3296 primorum
1595 3185 1907 3296 principatuum
1929 3184 2088 3298 guber-

323 3387 326 3392 ,
421 3303 575 3386 nacula
594 3301 874 3412 possidemus,
906 3309 1149 3420 constructo
1170 3329 1344 3409 pernas
1367 3301 1421 3384 de
1442 3326 1655 3385 consensu
1675 3302 1902 3420 lllnstrium
1922 3303 2085 3387 Princi-

420 3445 523 3529 pum
539 3417 717 3502 fratrum
737 3429 995 3522 nostrorum,
1017 3418 1217 3503 Oazimiri
1255 3419 1547 3504 Lanciciensis
1568 3427 1612 3504 et
1633 3419 1919 3532 Ouiaviensis,
1942 3427 1986 3502 et
2007 3419 2085 3502 Se·

421 3539 567 3624 movlti
602 3535 819 3622 Mazoviae
855 3535 1027 3621 Ducum
1049 3545 1092 3617 et
1111 3533 1376 3620 Venerabilis
1408 3535 1541 3646 patris
1562 3537 1832 3622 Prandcthae
1856 3537 1922 3619 dei
1943 3537 2084 3646 gratia

419 3655 622 3766 Episcopi
658 3653 971 3758 cracoviensis,
1001 3679 1083 3734 nec
1104 3680 1190 3737 non
1212 3661 1255 3734 et
1276 3655 1328 3736 de
1349 3657 1479 3735 totius
1498 3651 1694 3736 Ducatus
1715 3651 1848 3736 nostri
1870 3679 2084 3738 consensu

419 3773 634 3859 Baronum
654 3769 830 3856 fundato
854 3779 897 3854 et
916 3777 1159 3856 constructo
1194 3769 1454 3853 Monasteric
1487 3769 1643 3852 ordinis
1665 3779 1842 3856 sanctae
1866 3769 2019 3855 Clarae
2040 3773 2084 3852 in

421 3889 590 4004 Oppido
611 3901 754 3976 nostro
771 3887 1029 3988 moranno,
1061 3915 1138 3996 pro
1160 3889 1466 3974 sustentatione
1488 3914 1678 3971 sororum
1701 3889 1890 3972 eiusdem
1912 3889 2081 3990 ordinis,

364 4139 367 4146 ’
482 4120 485 4131 ’
522 4123 566 4206 (¹)
585 4118 739 4189 llxlibro
754 4119 913 4187 Metricos
929 4117 1034 4207 Regni
1048 4117 1229 4187 snb-literis
1244 4115 1740 4205 Z.Kannornm1548-1549‚
1756 4121 1874 4202 Nntt,
1897 4119 1955 4186 sol.
1978 4117 2084 4186 415-¹

333 4213 341 4225 ‘
418 4210 493 4290 418,
509 4206 689 4294 descripsit
704 4205 831 4272 doctiss
845 4206 925 4272 Ant.
940 4203 1186 4282 Mnczkcwslri,
1208 4205 1265 4270 ubi
1280 4205 1314 4270 in
1327 4215 1536 4292 transumpto
1566 4203 1665 4292 lie'gis
1692 4207 1728 4274 si
1753 4205 1896 4273 ismundi
1911 4203 2082 4290 Augusti,

420 4301 455 4390 et
476 4293 513 4390 in
538 4289 958 4390 confirmationenlffalatiuni
988 4289 1223 4358 cracoviensis
1252 4290 1433 4376 Spyteonis
1462 4291 1644 4390 invenitur..
1685 4231 1753 4390 Spd
1780 4287 1897 4386 privile
1923 4286 1989 4352 ium
2016 4287 2082 4386 hoc

418 4373 949 4546 rsrsrnsttunr
963 4373 1205 4542 tritis
1219 4367 2081 4554 tminsistatislisinnias

419 4546 584 4618 variantes
601 4553 635 4610 et
648 4544 760 4633 magni
773 4543 905 4626 quidem
930 4543 1087 4608 momenti
1103 4541 1436 4629 deprehendissemus
1450 4542 1624 4626 lectiones,
1654 4542 1792 4607 maxime
1808 4540 1852 4605 ad
1871 4563 2004 4606 nomrna
2017 4539 2088 4612 vila

417 4627 523 4694 larum
536 4629 571 4693 in
585 4627 762 4715 privilegio
790 4635 1046 4697 memoratorum
1064 4629 1261 4712 spectantia,
1278 4627 1423 4693 tabulam
1439 4636 1556 4709 totam,
1579 4627 1728 4710 quamvis
1739 4627 1808 4712 jam
1822 4625 1913 4712 typis
1929 4624 2080 4722 descrip3

417 4721 485 4778 tam
499 4712 535 4778 in
547 4711 612 4777 hoc
643 4711 808 4778 volumine
838 4710 1051 4796 repetendam
1066 4733 1140 4777 essa
1157 4711 1319 4779 duximus·
1340 4711 1631 4780 confirmationem
1652 4731 1733 4776 vcro
1750 4709 1931 4797 Spytconis
1946 4708 2081 4794 palatini

296 4809 299 4817 '
418 4795 562 4936 infrapd
576 4817 663 4936 erugo
680 4795 916 4864 laeserimus.
939 4795 992 4887 De
1007 4793 1098 4864 villis
1110 4793 1204 4880 legas
1217 4794 1356 4864 codicis
1373 4795 1482 4864 nostri
1496 4795 1638 4866 romum
1651 4793 1679 4880 I,
1694 4795 1771 4864 lnc'c
1788 4797 1902 4863 citato.
1936 4889 1976 4954 ¹⁰

531 4903 595 4940 ΟΒΙΙ
1522 4913 1525 4920 ,
