4822 5924
1149 721 1422 802 *340⁶-

457 931 645 1018 dicamus
666 933 855 1044 ipsoque,
875 931 964 1012 iure
986 927 1106 1040 fungi
1129 939 1171 1013 et
1192 929 1380 1042 gaudere
1401 929 1601 1014 videlieet
1621 929 1934 1015 Tbeutuuioali.
1965 933 2016 1018 In
2037 961 2112 1018 ou·

453 1061 518 1146 ius
541 1053 801 1140 euidenoiam
818 1059 963 1134 nostra
979 1049 1118 1162 sigilla
1133 1048 1401 1160 presentibus
1420 1049 1613 1132 duximus
1631 1051 1924 1160 appendenda.
1956 1050 2114 1138 Actum

454 1188 498 1264 et
517 1176 662 1258 datum
686 1165 873 1252 Cracoua'e
902 1168 1006 1252 feria
1035 1169 1167 1252 tercia
1197 1171 1387 1280 proxima
1407 1178 1504 1277 post
1523 1169 1802 1252 Natiuitatem
1825 1169 2006 1280 gloriose
2028 1171 2111 1256 vir-

453 1295 563 1408 ginis
584 1289 728 1375 Marie.
780 1287 903 1370 Anno
945 1287 1176 1370 natiuitatis
1199 1289 1353 1399 dominj
1376 1289 1450 1373 Mt
1475 1283 1661 1375 O⁰O⁰C⁰.
1682 1285 1912 1374 LX⁰X⁰X⁰
1930 1292 2108 1402 septimo

450 1408 722 1502 Prosentibus
743 1406 823 1517 hijs
844 1407 1024 1490 testibus
1055 1405 1255 1491 Ymramo
1278 1410 1331 1491 de
1351 1406 1502 1520 Roporo
1532 1405 1742 1518 pradotha
1763 1407 1860 1520 (sio)
1883 1409 1934 1508 de
1956 1407 2111 1522 Nepre·

451 1561 524 1736 spa
545 1528 600 1646 (³)
623 1527 807 1731 Stuikocpe
826 1526 965 1668 iudice
987 1527 1185 1728 Pettrpfle
1210 1523 1404 1728 Capparin
1432 1524 1853 1727 heredippsdbiathia
1884 1537 1928 1612 et
1956 1529 2108 1646 Preozj·

451 1679 540 1740 sao
561 1675 639 1734 nos
659 1673 715 1730 ns
776 1673 1031 1756 emerarrJne
1074 1673 1164 1756 asz
1196 1675 1268 1728 mu
1303 1673 1337 1728 rs
1357 1671 1546 1756 persoms
1631 1669 1809 1756 arguis.

558 1885 595 1966 (θ)
621 1881 853 1972 Nirprzeazaio,
868 1877 993 1946 villain
1008 1879 1122 1948 eodem
1137 1879 1320 1968 provincia,
1332 1878 1476 1966 regionis
1492 1901 1572 1945 vero
1589 1875 1812 1947 Crobovensis
1826 1877 1998 1973 (parocbia
2010 1877 2106 1946 villu

456 1970 644 2059 roysinum
657 1967 692 2032 in
708 1963 868 2046 Gallicis).

1179 2377 1391 2494 ctxxn.

738 2633 1298 2720 cracoviae-meme
1314 2633 1470 2738 Mujo
1486 2630 1636 2719 1388
1657 2653 1822 2720 auno.

554 2854 791 2928 Nicotaus
806 2853 844 2928 te
866 2856 1043 2945 irrumpa,
1069 2853 1211 2926 ritanus
1226 2853 1334 2928 tutu
1349 2855 1383 2924 et
1396 2852 1448 2928 alii
1462 2853 1783 2945 prasinorum
1797 2873 1872 2930 rura
1885 2855 1917 2942 ip
1930 2853 2004 2929 vitto

737 2955 1824 3046 seruosne,romusnmrnuuosuunumrvuum(¹).
2052 2977 2058 2988 ·

556 3167 644 3252 Nos
660 3167 938 3278 Drogomirus
955 3163 1098 3251 Judex
1120 3175 1162 3250 et
1180 3163 1406 3249 Krzeslaus
1425 3163 1643 3251 Subindex
1659 3166 1954 3254 Oraeouiensis
1976 3193 2109 3279 gene-

451 3285 560 3374 rales
576 3296 722 3370 notum
738 3285 915 3370 facimus
934 3283 1089 3394 quibus
1109 3285 1278 3394 expedit
1293 3287 1496 3370 uniuersis
1512 3294 1752 3397 presentem
1767 3285 1948 3370 litteram
1963 3285 2107 3396 inspe-

452 3408 595 3492 cturis.
628 3403 754 3508 Quod
771 3431 958 3513 cumpro
975 3402 1173 3486 tribunali
1193 3404 1446 3489 sedebamus
1468 3405 1667 3490 videlicet
1681 3406 1723 3488 in
1740 3404 1952 3516 colloquio
1974 3433 2107 3516 genes

451 3527 528 3612 reli
551 3526 803 3611 aecedentes
821 3523 875 3608 ad
891 3532 1076 3606 nostram
1091 3531 1411 3636 nostrorumque
1434 3551 1690 3608 assessorum
1707 3525 1963 3636 presentiam
1978 3525 2106 3613 Nioo·

449 3647 542 3732 laus
560 3647 610 3727 de
636 3639 857 3758 Wrrumpa,
874 3643 914 3727 N
916 3643 1071 3727 ieolaus
1089 3640 1119 3725 J
1121 3643 1269 3728 asthoo
1287 3653 1329 3726 et
1344 3643 1582 3729 Christinus
1600 3645 1651 3726 de
1670 3641 1904 3728 Suattour'cz
1916 3641 2104 3728 Thomas

454 3765 507 3850 de
528 3763 804 3864 Prosstouicr,
832 3759 1046 3846 Peuussr‘us
1063 3761 1347 3875 (Pacossiusi)
1370 3764 1423 3846 de
1444 3760 1591 3847 Ziolow
1613 3790 1777 3847 omnem
1798 3770 1962 3874 partem
1982 3761 2105 3846 here-

452 3883 596 3968 ditatis
615 3885 802 3991 ipsorum
822 3879 1056 3966 Crzr‘ssouicz
1075 3881 1189 3991 ipsos
1206 3891 1495 3988 postmortem
1512 3879 1747 3966 Sandoonis
1763 3881 1901 3965 fratris
1917 3881 2104 3988 ipsorum

449 4003 638 4118 legitime
660 4011 982 4084 concernentem
1002 4027 1098 4083 cum
1120 3999 1313 4085 omnibus
1344 4001 1594 4085 vtilitatibus
1627 4025 1710 4109 que
1738 3999 1896 4087 ibidem
1916 4009 2015 4082 sunt
2034 3997 2103 4084 vel

449 4123 540 4211 fieri
562 4119 875 4234 quomodolibet
912 4125 1090 4228 possunt
1110 4119 1152 4200 in
1173 4117 1378 4223 futurum,
1410 4117 1738 4231 quibuscunque
1768 4117 2006 4206 nominibus
2026 4143 2103 4203 vo·

556 4385 594 4466 (¹)
616 4381 668 4450 Ex
685 4379 866 4468 archetypo
881 4379 991 4446 multis
1006 4377 1095 4445 rimis
1111 4377 1154 4444 ob
1169 4373 1369 4444 sebectutem
1383 4377 1485 4464 laeso,
1502 4379 1711 4470 descriptum·
1735 4381 1831 4452 conf.
1846 4381 1976 4449 tabulas
1991 4379 2026 4448 in
2039 4381 2103 4449 hoe

453 4481 542 4536 tomo
557 4468 646 4557 typis
665 4489 836 4556 expressas
851 4464 892 4530 ad
908 4489 935 4530 a.
954 4467 1034 4531 1361
1050 4475 1083 4528 et
1099 4483 1193 4562 seqq.
1210 4463 1277 4546 (Νο.
1294 4463 1441 4564 cxxvi
1455 4476 1489 4532 et
1504 4471 1622 4553 seqqi.
1658 4465 1755 4534 Multi
1781 4466 1937 4566 haeredes
1959 4465 2105 4568 riilaein

454 4547 2105 4738 tib?tittfittbttttt&bittittittssfftttt{tittitttittbffltttl

456 4722 609 4799 miriensi,
625 4722 765 4806 reliquas
804 4731 889 4788 artes
905 4721 1049 4809 ejusdem
1063 4719 1159 4786 vrllaa
1175 4718 1329 4786 vendunt.
1364 4721 1507 4790 Joannes
1522 4721 1575 4788 hio
1589 4719 1762 4811 palatinus,
1792 4720 1877 4788 filma
1891 4721 1954 4787 fuir
1967 4719 2106 4789 somnis

461 4745 859 4976 ibiiffiiii'issiifeflmi
874 4805 1113 4892 Craaovie'osis,
1128 4805 1239 4873 fratris
1255 4808 1400 4892 germani
1414 4803 1590 4893 Raphoelis
1606 4806 1645 4874 de
1664 4805 1804 4896 Tarnan-
1826 4807 1920 4878 Coni-
1935 4805 1955 4871 l.
1971 4828 2000 4912 o·
2016 4805 2107 4940 Snj..
