4856 5932
1018 706 1294 780 -385-

322 915 485 999 Datum
505 939 582 1023 per
601 935 752 994 manus
772 907 1074 998 Reverendiin
1094 907 1263 994 Christo
1284 905 1416 1017 patris
1435 901 1591 990 domini
1611 899 1772 988 Alberti
1794 904 1861 990 dei
1877 929 1975 1016 gra-

241 1065 247 1073 ·
325 1035 397 1118 cia
418 1031 736 1120 Oraccoviensis
757 1027 961 1139 Episcopi
991 1027 1132 1141 Regni
1162 1025 1335 1113 Polonis
1367 1021 1628 1140 (lancellarii,
1659 1032 1703 1106 et
1729 1025 1980 1110 uenerabilis

322 1151 510 1237 qunuis
532 1150 682 1234 decani
703 1146 1027 1236 (draccouicneis
1049 1145 1146 1262 (sie)
1167 1145 1310 1258 Regni
1329 1145 1517 1229 eiusdem
1538 1143 1881 1249 vicecancellarii,
1897 1145 1982 1228 sin·
2051 1217 2055 1224 .

329 1299 424 1354 cere
445 1268 568 1356 nobis
591 1269 871 1353 dilectorumz'
905 1325 909 1334 ι
2037 1261 2040 1270 '

1048 1671 1261 1792 exeun
1348 1619 1422 1852 ’ἱ
1860 1804 1864 1810 ,

339 1929 343 1934 ’
437 1932 785 2040 bayootac—
794 1931 885 2016 ulte
910 1929 992 2018 2⁰
1017 1929 1216 2036 mercede
1243 1929 1516 2037 Ianuario·
1543 1930 1691 2018 1424
1717 1951 1881 2018 cano.

391 2153 580 2224 Petu-nu
601 2153 754 2226 uruntur
775 2150 814 2225 du
836 2153 985 2237 lobea
999 2151 1076 2220 cota
1097 2153 1212 2224 anun
1225 2167 1313 2256 auru
1332 2147 1452 2224 uritur
1476 2149 1615 2244 prudenti
1638 2151 1703 2226 utre
1730 2149 1931 2242 variotur

436 2362 485 2446 ln
505 2363 675 2446 nomine
698 2360 854 2445 domini
874 2387 1012 2442 amen.
1045 2355 1257 2458 Quoniam
1279 2387 1330 2443 ea
1352 2385 1438 2468 que
1458 2362 1502 2443 in
1517 2359 1713 2460 humanis
1731 2360 1864 2472 gestis
1880 2361 1989 2448 fiunt

219 2533 227 2558 .
332 2483 375 2565 in
396 2491 598 2592 tempore,
622 2510 674 2564 ea
695 2480 817 2565 simul
836 2479 1004 2565 labente
1025 2477 1215 2586 tempore
1248 2479 1547 2590 deperduntur,
1576 2481 1706 2592 igitur
1738 2479 1909 2589 expedit
1937 2492 1986 2566 ut

332 2601 499 2710 scriptis
521 2609 565 2682 et
585 2601 819 2712 sigillorum
854 2598 1120 2683 munimentis
1156 2595 1417 2682 roborentur.
1465 2597 1677 2701 Quocirca
1696 2625 1773 2682 ncs
1795 2597 1987 2686 Andreas

252 2817 257 2826 ¹
331 2717 613 2829 Modlibcskij,
635 2745 819 2803 necnon
839 2728 952 2803 tutor
973 2715 1255 2829 Loporor'aarr'a,
1285 2747 1377 2814 una
1409 2745 1505 2800 cum
1527 2727 1693 2829 septem
1714 2717 1902 2803 scoltetis
1925 2720 1987 2804 di-

332 2841 483 2922 strictu
504 2837 603 2954 (sic)
624 2837 905 2953 Lopowieasu'a,
941 2837 1076 2948 primo
1099 2863 1193 2919 cum
1216 2835 1438 2921 Tomkone
1462 2837 1514 2920 de
1534 2836 1804 2922 Nercalruruouc
1827 2836 1982 2924 Judice

332 2985 559 3069 suppremo
581 2955 698 3042 Juris
719 2955 1002 3071 Lapouoieosr‘s,
1025 2984 1103 3039 nec
1124 2983 1209 3040 non
1229 2953 1427 3066 Bystram
1464 2954 1593 3041 fratre
1631 2985 1706 3042 suc
1745 2957 1795 3040 de
1816 2957 1985 3066 ibidem,

208 3143 212 3148 .
336 3089 378 3160 et
398 3079 524 3164 Petro
548 3077 599 3162 de
621 3063 790 3182 Potrow,
809 3076 985 3162 Nicolao
1008 3076 1059 3160 de
1081 3073 1245 3188 Lepore,
1266 3073 1429 3162 Mathia
1451 3080 1502 3188 de
1525 3073 1694 3181 Saadel,
1729 3075 1913 3163 Brathos
1936 3081 1988 3163 de

341 3193 470 3301 Wolc,
494 3195 706 3283 Stanislao
729 3197 783 3280 de
810 3193 1052 3300 Weseclzow,
1069 3192 1268 3280 Johanne
1291 3197 1345 3282 de
1367 3195 1609 3282 Olaeuou'rrcuc
1643 3200 1987 3309 recognoscimus
2036 3296 2042 3310 Ι

333 3325 481 3399 tenore
515 3317 783 3426 presencium
820 3315 976 3426 quibus
1014 3315 1184 3424 expedit
1217 3319 1444 3402 universsis
1466 3315 1565 3432 (sic)
1598 3323 1686 3398 tam
1720 3316 1986 3428 presentibus

335 3461 466 3546 quam
485 3431 648 3538 firturis,
680 3433 798 3546 quod
818 3435 1026 3518 accedens
1049 3433 1104 3518 ad
1125 3443 1311 3520 nostram
1334 3437 1574 3522 stallorum
1604 3432 1712 3519 infra
1733 3435 1981 3544 scriptorum

197 3565 201 3568 ’
333 3553 598 3666 presenciam
618 3549 793 3637 bannito
809 3553 852 3636 in
867 3553 1020 3637 iudicio
1037 3554 1190 3639 Petrus
1210 3555 1413 3640 scoltetus
1435 3555 1490 3640 de
1511 3553 1733 3657 Sondlrorec
1747 3551 1860 3659 welo,
1883 3581 1987 3640 sane
2125 3605 2128 3610 ·
2335 3587 2339 3597 ·

335 3669 488 3756 mentis
510 3672 705 3777 existens,
726 3699 815 3756 non.
832 3671 1085 3782 compulsus.
1107 3698 1185 3754 nec
1207 3683 1394 3779 coactae,
1415 3703 1557 3786 neque
1578 3672 1720 3783 aliquo
1744 3671 1838 3758 dolo
1860 3675 1987 3758 sedu-

337 3802 444 3898 ctus,
474 3791 553 3874 sed
583 3790 771 3876 debona
800 3791 1063 3903 volumptate
1085 3789 1183 3904 (sic)
1205 3817 1256 3872 ac
1277 3793 1343 3876 sui
1365 3794 1494 3878 animi
1525 3785 1852 3900 deliberacione,
1886 3795 1989 3879 resi·

340 3913 489 4024 gnavit
508 3939 560 3995 ae
580 3909 773 3998 vendidit
805 3909 1051 3997 scolteciam
1080 3911 1141 3994 in.
1162 3909 1384 4012 Scnbluowa
1404 3909 1507 3996 rocla
1525 3939 1602 4023 pro
1623 3913 1800 4024 triginta
1828 3915 1981 3998 marcis

336 4039 506 4116 monete
524 4025 775 4117 Polonicalis
796 4033 957 4114 numeri
979 4031 1191 4136 consueti,
1212 4039 1299 4113 tam
1315 4031 1442 4145 longe
1459 4060 1511 4117 ac
1525 4033 1625 4138 late,
1645 4030 1773 4117 velud
1793 4030 1890 4148 (sic)
1910 4059 1979 4118 sc·

442 4265 480 4344 (¹)
503 4263 573 4331 Leo
586 4265 839 4352 Rayazcaeuuuki
853 4265 1027 4352 descripsit
1037 4264 1254 4354 apographon
1268 4265 1333 4333 hoe
1347 4287 1387 4331 ex
1403 4265 1585 4356 archetypo
1598 4275 1766 4336 asservato
1781 4267 1815 4332 in
1829 4263 1989 4336 tabulario

338 4347 482 4434 Capituli
498 4347 706 4417 cathedralis
722 4349 1016 4418 Wladiubviensiu.
1061 4349 1211 4437 Sigillum
1225 4374 1325 4418 uuum
1340 4362 1443 4420 restat
1456 4375 1523 4420 non
1538 4373 1704 4441 magnum,
1731 4351 1823 4435 cajus
1849 4351 1988 4442 inscrip-

336 4433 384 4526 tio
400 4432 529 4519 penitus
545 4433 662 4512 deleta,
678 4433 819 4504 alterum
834 4435 975 4521 sigillum
989 4435 1201 4503 desideratur.
1224 4435 1398 4503 Taeniolae
1413 4447 1488 4505 eunt
1501 4459 1561 4540 par
1585 4457 1726 4503 amenuc.

445 4515 484 4599 (²)
507 4517 627 4606 Zagora
640 4519 799 4618 oppidum
814 4519 1089 4588 Sundcmiriensis
1118 4543 1183 4621 eam
1229 4545 1245 4586 r
1269 4523 1460 4608 provinciae
1474 4523 1536 4588 furt
1562 4459 1725 4606 bodieque
1755 4531 1817 4599 esu,
1846 4522 1988 4609 regionis

336 4625 416 4670 vero
432 4601 676 4689 Opatorienaus·
718 4603 757 4669 lu
769 4603 928 4689 parochia
944 4605 1090 4693 ejusdem
1106 4628 1126 4670 o
1151 4543 1321 4770 prdlanne
1338 4607 1419 4674 rote
1434 4607 1516 4672 sitae
1532 4616 1607 4674 suunt
1621 4603 1717 4670 uillae
1747 4617 1920 4692 sequentes
1936 4605 1991 4675 hie

335 4695 543 4756 memoratae:
554 4687 746 4756 Niaeluoraouu
759 4687 990 4772 (Nuarluurrerc
1000 4691 1035 4756 iu
1049 4689 1129 4756 tabu

335 4773 367 4840 lu
382 4773 533 4873 quluoruc
546 4781 580 4839 et
601 4771 692 4840 Wclc
704 4773 888 4861 aequaeuo.
910 4775 1107 4842 Nasamon
1121 4775 1218 4844 aliam
1232 4773 1342 4841 uillam
1357 4785 1465 4841 tamen
1487 4775 1521 4840 in
1535 4774 1695 4864 parochie
1715 4775 1825 4846 vicina
1850 4779 1987 4848 Baca-

335 4858 654 5002 manegium'rlrgmua
671 4857 725 4925 ubi
738 4867 816 4925 runt
832 4859 1017 4950 Olearium,
1034 4859 1165 4938 aanor.
1190 4861 1333 4951 Wojtee'ue
1348 4859 1521 4928 nascimur.

461 4970 522 5002 ⁰¹¹¹·
1744 4967 1786 5032 49

1177 4688 1339 4768 ‚Pictrdua
1360 4693 1531 4758 Wuaacldrc
1544 4690 1590 4773 (in
1605 4689 1671 4756 tab.
1697 4691 1892 4778 Weuatow),
1916 4693 1988 4762 Wo-
