4856 5932
1106 672 1384 746 -398-

416 879 465 964 lis
489 875 601 961 dicte
622 873 732 958 Ville
756 867 950 982 Otdsyelca
969 873 1176 958 uniuersis
1197 875 1440 985 precipiatis
1463 882 1507 956 et
1526 873 1735 958 mandetis
1757 873 1914 959 seriose
1934 874 2083 985 iniunf

418 1009 567 1114 gentes
588 993 764 1078 tociens.
786 990 990 1102 quociens
1026 995 1220 1106 requisiti
1247 992 1408 1077 fueritis
1444 1000 1488 1078 et
1519 993 1564 1076 id
1600 1004 1804 1104 exposcat
1839 989 2069 1077 necessitas
2202 1061 2204 1064 .

416 1125 638 1230 oportuna.
660 1120 706 1194 vt
728 1109 964 1196 omnimodo
987 1119 1030 1194 et
1051 1112 1250 1222 deinceps
1272 1113 1464 1197 Ecclesie
1480 1113 1709 1222 parochiali
1728 1116 1770 1196 in
1790 1083 1957 1198 doctos
1967 1111 2071 1200 Jure

414 1233 646 1349 parochiali
687 1232 771 1314 sint
810 1228 988 1312 subiecti
1026 1231 1300 1340 Rectorique·
1319 1231 1510 1318 Ecclesie
1544 1233 1734 1344 predicte
1774 1260 1849 1342 pro
1884 1241 2072 1342 tempore
2180 1311 2185 1318 .

416 1354 609 1440 existenti
628 1356 672 1436 in
693 1348 886 1436 omnibus
920 1351 1044 1434 licitis
1067 1361 1111 1436 et
1129 1351 1315 1437 honestis
1333 1351 1535 1444 obediant
1556 1363 1599 1435 et
1613 1351 1835 1435 intendent
1848 1361 2070 1464 tamquam

412 1478 601 1586 ipsorum
620 1497 719 1556 vero
740 1469 948 1582 legittimo
969 1472 1129 1581 pastori
1146 1480 1188 1554 et
1204 1470 1400 1570 sectori„
1422 1483 1466 1555 et
1496 1481 1601 1582 aput
1639 1470 1736 1586 (sio)
1759 1500 1854 1554 eum
1872 1498 1925 1554 ac
1939 1467 2071 1580 ipsius

413 1593 658 1679 Ecclesiam
680 1590 824 1672 diuina
843 1589 1031 1672 audiant.
1056 1601 1098 1672 et
1118 1588 1423 1675 Ecclesiastico
1443 1592 1683 1701 percipiant
1702 1598 1982 1692 sacramenta,
2016 1587 2070 1672 In

415 1716 535 1800 cuius
557 1715 617 1796 roi
637 1708 936 1793 testimouium.
970 1707 1164 1820 Sigillum
1200 1720 1392 1796 nostrum
1427 1710 1694 1822 presentibus
1731 1718 1796 1793 est
1826 1735 2071 1821 appensum,

413 1833 575 1919 Datum
599 1826 784 1914 Cracouie
806 1827 872 1908 die
895 1824 1068 1912 Saturni
1090 1829 1273 1937 septima
1293 1829 1450 1922 Mensis
1471 1829 1637 1940 Aprilis,
1658 1828 1783 1914 Anno
1807 1828 1963 1913 domini
1982 1825 2074 1911 Mil-

414 1953 561 2038 lesimo
583 1948 1001 2062 quadringentesimo
1025 1945 1260 2066 Tricesimo
1282 1951 1428 2058 primo,
1459 1949 1734 2068 Presentibus
1757 1947 1947 2034 Strenuis
1968 1945 2075 2029 Mili·

310 2089 313 2096 '
414 2073 529 2158 tibus
551 2068 741 2168 dominis,
763 2065 888 2150 Petro
911 2065 1153 2176 dePejssorz'
1172 2066 1495 2154 Subcamerario
1505 2062 1728 2153 Recinali.
1744 2077 1786 2150 et
1798 2064 2074 2179 ‚Sigismundo

867 2171 875 2194 t

227 2203 342 2420 Ὢ
418 2194 470 2276 de
489 2189 665 2276 Bobowa
685 2185 923 2298 Burgrabio
947 2185 1087 2270 Oestri
1105 2185 1405 2274 Oracouiensis
1429 2140 1747 2299 dalijffmultis
1768 2185 2008 2298 fidedignis.

967 2669 973 2677 .
1178 2509 1329 2626 suu

617 2715 1086 2850 'cracoviae-»ure
1103 2764 1182 2852 28
1196 2765 1519 2851 Decembris
1535 2765 1676 2855 1431
1703 2783 1869 2852 anno.
1991 2693 1993 2698 A
2033 2765 2037 2774 ’

293 2969 297 2976 ’
361 3071 363 3076 ,
416 2988 580 3066 tormrtio
591 2985 671 3060 inter
683 2961 868 3058 monasterio
890 2985 1051 3058 thecam
1065 2988 1099 3058 ot
1120 2985 1393 3086 testamentode
1409 2988 1557 3062 eloctione
1571 2988 1737 3080 praepositi
1751 2985 1975 3079 metensis
1988 2984 2022 3055 ot
2035 2981 2075 3054 to

286 3167 289 3174 ,
411 3093 532 3188 jutius
547 3089 623 3184 rjus
638 3092 774 3164 cebron
789 3088 876 3160 titan
891 3103 931 3158 ex
944 3086 1099 3159 antntili
1113 3089 1330 3178 coniectione
1345 3090 1498 3180 tunsus,
1520 3093 1554 3164 et
1569 3091 1734 3181 rsoiqneo
1749 3089 1787 3162 te
1802 3089 1945 3156 Olenia
1958 3083 2077 3177 unu·
2107 3155 2110 3162 .

983 3207 1029 3281 po
1044 3191 1231 3264 tremuerit
1245 3192 1425 3266 rochum
1445 3193 1502 3280 (¹).

518 3401 569 3487 In
590 3403 756 3488 nomine
780 3399 936 3486 domini
957 3425 1092 3484 amen.
1124 3399 1214 3485 Nos
1238 3399 1453 3514 Sbigneus
1476 3402 1693 3512 deigracia
1713 3400 1954 3511 Episcopus
1970 3397 2076 3484 Cra-

417 3523 624 3607 couiensis
656 3518 956 3633 Significamus
988 3529 1134 3603 tenore
1169 3524 1435 3628 presencium
1473 3521 1630 3636 quibus
1668 3519 1839 3632 expedit
1873 3516 2075 3604 uniuersis

416 3641 683 3752 presentibus
706 3651 749 3722 et
768 3637 918 3721 futuris
934 3639 1201 3750 presencium
1221 3641 1422 3725 noticiam
1443 3641 1661 3726 habituris.
1696 3637 1918 3740 Quomodo
1936 3662 2079 3722 coram

416 3758 538 3846 nobis
568 3759 797 3846 Constituti
832 3759 1110 3868 personaliter
1142 3756 1404 3846 Venerabilis
1439 3762 1484 3844 in
1522 3761 1690 3849 Christo
1727 3765 1847 3868 pater
1884 3756 2076 3842 dominus

418 3875 1268 3991 Stanislausdiuinapaciencia(l)Abbas
1291 3881 1545 3988 Tinioiensis
1567 3907 1643 3966 suo
1666 3888 1709 3960 et
1729 3880 1864 3963 tocius
1881 3874 2080 3961 Oonuon·

522 4081 563 4160 (¹)
586 4075 765 4166 Slawir'ralri
780 4075 954 4163 descripsit
969 4075 1112 4143 tabulam
1128 4075 1212 4144 hanc
1228 4103 1270 4147 ex
1287 4079 1469 4167 archetypo
1486 4081 1734 4149 membranaceo
1753 4077 1788 4146 in
1804 4073 1984 4142 Tabulario
2001 4071 2075 4142 Sta·

417 4164 594 4249 nistcensis
610 4161 800 4232 monasterii
817 4172 994 4228 asservato.
1030 4162 1190 4230 Tseniola
1212 4165 1338 4230 sericea
1364 4168 1450 4252 nigri
1467 4177 1500 4230 et
1515 4165 1644 4232 rosacei
1671 4163 1790 4232 coloris
1819 4183 2000 4250 appensum
2028 4165 2080 4226 est

417 4251 559 4319 medium
586 4248 739 4336 sigillum,
761 4245 795 4310 in
821 4267 887 4330 quo
904 4249 1047 4310 cernitur
1063 4245 1187 4330 effigies
1204 4249 1363 4336 episcopi,
1379 4249 1466 4316 haud
1482 4251 1592 4328 dubio,
1625 4249 1773 4338 Sbignei,
1789 4247 1822 4312 in
1837 4245 2081 4334 pontificalibus

418 4336 574 4419 sedentis3
598 4358 617 4402 a
632 4335 746 4399 dextra
761 4353 856 4398 manu
872 4335 941 4418 ejus
957 4353 1014 4396 rex
1030 4351 1155 4396 corona
1164 4329 1339 4433 insignitus
1359 4345 1462 4418 stans,
1477 4335 1592 4402 dextra
1607 4345 1696 4401 tenet
1710 4331 1876 4409 vexillum,
1904 4329 1993 4416 apud
2021 4351 2080 4477 pe·

418 4423 475 4488 des
491 4431 568 4488 ve'ro
585 4421 672 4508 regis
701 4415 784 4484 alius
813 4417 989 4506 episcopus
1019 4437 1127 4504 genua
1151 4416 1265 4483 flectit.
1310 4419 1344 4486 A
1367 4419 1499 4488 sinistra
1526 4443 1623 4487 manu
1644 4417 1794 4506 episcopi
1820 4415 1963 4483 sedentis
1989 4437 2079 4481 mres

419 4529 493 4573 cum
508 4507 604 4574 hesta
624 4529 660 4572 rn
676 4505 793 4571 dextra
807 4527 903 4570 manu
934 4502 1089 4574 cernitur.
1133 4502 1234 4590 Apud
1260 4505 1363 4592 pedes
1385 4505 1531 4592 ejusdem
1558 4506 1702 4572 sedentis
1733 4501 1881 4589 episcopi
1910 4511 1943 4566 et
1970 4499 2081 4568 militie

416 4593 528 4675 jacent
543 4592 607 4658 duo
624 4600 718 4658 scuta
734 4613 806 4657 cum
822 4587 949 4678 magnis
964 4587 1129 4666 crucibus,
1151 4607 1245 4673 quae,
1264 4599 1298 4654 nt
1312 4589 1464 4670 diximus,
1491 4591 1635 4678 insignia
1650 4599 1727 4655 sunt
1742 4587 1803 4656 stir
1829 4587 1856 4654 is
1872 4585 2080 4656 Olcsniccio·

420 4699 500 4742 rum.
544 4677 687 4744 lnsouto
702 4675 883 4764 episcopali
912 4673 973 4742 sub
989 4696 1086 4740 cruce
1103 4672 1275 4740 character
1294 4675 1348 4742 W.
1388 4677 1426 4744 ln
1442 4675 1564 4743 ambitu
1580 4675 1781 4762 inscriptior.
1798 4611 1946 4760 Arpinum
1968 4673 2083 4760 stipari

423 4763 476 4827 dei
492 4773 522 4826 et
535 4763 701 4850 apostolice
717 4766 802 4830 sedis
815 4765 923 4849 procia
939 4763 990 4849 epi
1005 4759 1227 4828 Crocouieaeis.
1250 4759 1304 4828 Ab
1327 4761 1477 4830 omnibus
1506 4761 1670 4849 capitibus
1697 4781 1911 4846 personarum
1926 4758 1960 4823 in
1976 4755 2083 4842 sigillo

418 4857 624 4915 exaratarum
639 4846 721 4913 radii
736 4857 865 4928 exeunt,
882 4846 966 4912 sicut
981 4869 1000 4910 a
1016 4848 1178 4934 capitibus
1193 4855 1392 4915 sanctorum.
1685 4879 1688 4887 ·
