4930 5922
1061 729 1340 802 -153-

359 929 496 1012 minue
515 925 754 1031 Procopius
775 923 1064 1010 Oancellarius
1086 937 1248 1027 noster,
1271 928 1426 1012 Comes
1447 929 1700 1018 Laurentius
1716 933 1851 1042 judex
1873 933 2033 1034 Uraccff

273 1104 282 1120 .
359 1047 538 1147 menen,
561 1041 718 1126 Comae
739 1041 944 1126 Martinus
968 1043 1237 1128 Oastetlenus
1258 1047 1312 1128 de
1335 1043 1601 1160 Matoqosrcz,
1641 1048 1798 1158 Comes
1829 1053 2032 1138 Nicotaus

273 1261 277 1268 1
360 1162 714 1265 subcamerarius,
751 1160 906 1245 Comes
942 1162 1144 1246 Nicotaus
1178 1163 1467 1250 thesaurarius
1506 1166 1817 1254 Orecouiensis.
1868 1169 2032 1256 Datum

359 1305 606 1392 parmenus
630 1281 787 1386 dominj
824 1279 1008 1388 Philippi
1043 1279 1364 1390 subcancellarij
1401 1286 1551 1389 nostri,
1593 1289 1787 1371 canonici
1824 1287 2061 1374 ecclesiae.

362 1397 730 1504 Sandomiriensis,
751 1396 816 1480 ΙΙΙ
838 1425 972 1490 nonas
994 1397 1166 1514 Aprilis.

976 1866 993 1901 ’
1104 1833 1285 1950 LXVII.

608 2019 610 2026 '
637 2027 1058 2157 eumaem-s
1076 2071 1402 2188 noemam
1419 2073 1570 2162 racc
1590 2033 1757 2160 m.

362 2285 752 2384 venceslausltex
765 2273 1064 2377 noue-raa,
1078 2287 1142 2362 dur
1156 2289 1320 2366 treceniet
1332 2293 1365 2364 ot
1376 2252 1901 2382 &immidesritlultamienica
1915 2291 2031 2368 dicitu

418 2392 631 2518 ¹inopp’tn
653 2391 792 2460 Seram
812 2387 956 2466 tortoldo
970 2390 1549 2574 drmtodmcunprtntu
1569 2392 1648 2466 ttiir
1668 2393 1823 2482 irruerit
1842 2394 1946 2468 loeus
2017 2387 2021 2396 ’

496 2607 731 2690 (Ττιηειιιηρῖα
746 2601 905 2668 vladislai
922 2603 1001 2712 dicti
1017 2509 1182 2668 holm
1200 2607 1284 2670 1330
1298 2543 1331 2670 et
1349 2606 1503 2673 Casimiri
1522 2608 1767 2696 Magni-regum
1785 2609 1892 2687 1348).
2012 2571 2017 2578 ¹

465 2811 555 2894 Nos
576 2809 856 2894 Wenceslaus
878 2809 1114 2919 dei-gracia
1133 2809 1227 2894 Rex
1248 2807 1473 2915 Bohemic,
1503 2811 1604 2896 Dux
1625 2812 1833 2898 Oracovie
1857 2820 1899 2895 et
1922 2813 2029 2898 San·
2061 2833 2067 2846 '

361 2929 545 3034 domirie,
566 2927 842 3040 Marehioque
865 2923 1054 3010 Moravie
1076 2937 1222 3011 notum
1239 2925 1418 3013 facimus
1435 2932 1641 3013 universis
1658 2939 1745 3014 tam
1763 2930 2030 3048 presentibus

437 3229 441 3234 ,
463 3165 506 3244 (¹)
525 3158 732 3248 hepkouski
748 3116 927 3256 dederipsit
941 3181 981 3225 ex
997 3159 1140 3242 quodam
1154 3160 1317 3228 tabulario
1332 3163 1368 3228 in
1383 3163 1535 3232 Gallicis.
1573 3163 1788 3250 Privilegium
1802 3164 2030 3232 Vanceslaiin
2130 3189 2133 3196 ⁴

360 3247 489 3313 duobus
504 3257 650 3312 trunsum
675 3243 720 3322 tis
736 3245 911 3326 inventur,
921 3265 1004 3326 quae
1019 3242 1084 3308 huc
1101 3267 1136 3310 se
1162 3255 1294 3312 cuntur.
1939 3270 1943 3276 ·

466 3333 559 3396 1340.
580 3330 619 3394 In
634 3268 760 3396 citrini
775 3327 906 3393 nomine
922 3329 1038 3394 Amen.
1063 3265 1335 3396 Nositazimirus
1351 3326 1417 3396 Dei
1431 3331 1545 3418 gracie
1559 3333 1631 3398 ch
1647 3331 1799 3414 Paionia,
1816 3351 1929 3398 notum
1944 3333 2028 3398 faci-

224 3397 240 3424 ”
359 3435 431 3479 mue
446 3415 565 3498 quibus
580 3411 715 3498 expedit
728 3412 904 3478 universis:
926 3409 1025 3494 Quod
1036 3414 1087 3478 vir
1100 3412 1266 3480 discretos
1281 3423 1315 3480 et
1329 3414 1502 3499 honestus,
1515 3417 1648 3482 nornine
1663 3416 1819 3482 Nicolaus
1836 3415 2028 3482 Advocatus

361 3497 596 3580 Sandacensis,
611 3496 762 3566 Bertoldi
801 3497 943 3562 condam
958 3503 1068 3578 natue,
1083 3497 1180 3564 nobis
1195 3498 1361 3566 humiliter
1375 3507 1410 3564 et
1425 3509 1616 3566 reverenter
1639 3499 1856 3584 supplicavit,
1873 3509 1909 3564 ut
1923 3499 2027 3582 privi-

358 3581 480 3672 legium
497 3605 596 3669 super
612 3581 724 3648 eadem
740 3518 933 3676 Advocacia
941 3603 1007 3728 Xer
1022 3579 1172 3648 Illustres
1187 3579 1374 3668 Principes,
1397 3583 1553 3650 videlicet
1572 3581 1798 3649 Wenceslaum
1815 3583 1940 3666 Regem
1956 3583 2027 3648 Bo·

358 3666 477 3749 hernie,
493 3667 604 3732 mum
619 3679 652 3732 et
666 3687 875 3745 concessum,
893 3672 928 3728 et
964 3685 1068 3728 esrum
1086 3687 1147 3763 per
1162 3673 1309 3732 nostrum
1330 3669 1515 3763 genitorem
1538 3668 1626 3732 clare
1641 3666 1818 3730 memoriae
1848 3665 2025 3732 confirme-
2053 3669 2062 3684 “

352 3761 438 3834 tum,
455 3751 516 3818 sibi
533 3760 568 3817 et
581 3750 668 3817 natis
683 3749 795 3816 fratris
811 3748 862 3814 soi
874 3746 1015 3834 Georgij
1041 3747 1149 3814 felicis
1175 3749 1434 3830 recordacionis,
1466 3749 1677 3837 dignaremur
1707 3749 1768 3815 sub
1784 3747 2025 3825 ratihabioione
2095 3791 2099 3797 ,

361 3837 567 3902 confirmare.
590 3831 690 3900 Cuius
704 3832 878 3920 Privilegii
892 3841 991 3898 tenor
1006 3841 1076 3898 erut
1093 3832 1169 3900 talis

464 3921 556 3986 1330.
579 3919 618 3983 In
633 3919 765 3984 nornine
781 3917 905 3982 domini
928 3917 1044 3982 Amen.
1073 3916 1288 4000 ,Cunctorum
1338 3917 1401 3984 erit
1423 3917 1582 3984 memoria
1607 3920 1783 4001 sectorum,
1809 3919 1874 3984 nisi
1900 3919 2026 4003 scripto

357 4004 389 4070 te
414 4005 507 4070 itimo
522 4004 762 4094 etltestimonio
785 4002 848 4068 fide
870 4003 903 4068 di
929 4023 972 4066 uo
998 4000 1223 4087 perhennetur
1249 3939 1425 4068 seruiunt
1440 4011 1474 4070 et
1489 4003 1645 4070 firmetur.
1675 3997 1764 4072 Hinc
1787 4003 1945 4086 estquod
1965 4023 2028 4070 nos
2163 4025 2166 4032 ·

416 4089 560 4156 adislaue
575 4087 630 4154 dei
643 4090 758 4174 grecis
772 4087 842 4153 Rex
858 4089 885 4152 P
922 4084 1009 4174 onie,
1025 4109 1086 4154 neo
1102 4111 1170 4154 non
1183 4099 1346 4153 terrarum
1355 4088 1530 4172 Cracovie,
1543 4089 1760 4169 Sandomirie‚
1775 4086 1925 4174 Syradie,
1940 4088 2027 4152 Lan·
2085 4135 2090 4144 .

359 4171 442 4238 eicie
458 4171 669 4259 Cuyarieque
696 4171 848 4238 dominus
871 4180 905 4236 et
925 4171 1035 4237 heres:
1058 4172 1273 4239 Notiiicamns
1299 4174 1465 4258 universis
1490 4175 1702 4260 presentibus
1718 4183 1752 4240 et
1767 4173 1897 4238 futuris.
1926 4171 2026 4254 Quod

359 4254 524 4324 accedens
539 4257 743 4324 red-nostram
794 4256 978 4323 resauciam
998 4255 1164 4324 discretus
1180 4256 1231 4322 vir
1244 4255 1400 4326 Nicotaus
1426 4257 1623 4326 Advocatus
1651 4267 1766 4324 nostor
1793 4255 2025 4342 Sandeccnsis‚

359 4349 426 4405 tam
442 4361 514 4423 suo,
553 4342 746 4408 comeciam
794 4341 900 4441 sorgij
916 4341 973 4425 filij
989 4343 1154 4430 quendem
1169 4342 1322 4410 [roderici
1336 4343 1502 4410 Advocati
1516 4344 1649 4424 ibidem,
1662 4343 1794 4408 nomine
1810 4340 1907 4405 uobis
1921 4339 2027 4408 humi·
2099 4391 2106 4399 -

357 4423 435 4503 liter
463 4361 672 4511 Suplffiiotvit·
688 4436 725 4492 ut
739 4425 953 4513 Privilegmm
983 4449 1116 4498 sucrum
1146 4429 1400 4515 progenitorum
1414 4451 1514 4515 super
1533 4427 1730 4494 Advocacia
1759 4447 1845 4490 nove
1872 4424 2025 4494 Civitatis
2057 4511 2061 4518 ι

359 4506 592 4593 Sandeceneis,
608 4509 685 4576 olim
701 4535 722 4582 a
735 4513 828 4600 Rege
847 4509 1007 4580 Bohemie
1024 4512 1205 4594 obtentum,
1220 4521 1254 4577 et
1268 4513 1397 4580 demum
1412 4536 1474 4598 per
1489 4534 1551 4578 nos
1566 4512 1804 4589 confirmatum,
1817 4507 2027 4608 dignaremur

358 4592 408 4660 eis
423 4596 584 4662 eteorum
597 4594 627 4661 le
653 4596 756 4664 itimis
772 4597 1023 4665 successoribus
1039 4616 1113 4663 cnm
1131 4597 1370 4664 ratihabicione
1402 4595 1593 4662 omnimodo¹
1628 4619 1665 4662 er
1679 4601 1816 4662 nostras
1835 4593 1949 4662 literas
1965 4596 2032 4664 sub'

358 4693 475 4746 nostro
492 4679 610 4766 Sigiilo
626 4619 732 4771 Regio
748 4681 955 4777 confirmare.
972 4682 1074 4753 Cuius
1087 4681 1367 4832 Privilcffiitenor
1378 4691 1449 4748 erut
1459 4680 1534 4747 tatis
1609 4706 1646 4748 ue
1655 4680 1849 4768 pricileyium
1860 4683 2025 4762 nostum).

463 4765 555 4830 1330.
578 4763 647 4832 Noe
662 4767 766 4854 igitur
781 4769 989 4837 attendentes
1004 4791 1045 4834 ex
1059 4767 1212 4833 huiusmo
1239 4767 1245 4780 '
1271 4765 1445 4833 locucione
1468 4765 1623 4833 Civitatis
1638 4764 1787 4850 predicte
1804 4763 1901 4832 nobis
1916 4775 1950 4831 ct
1964 4787 2026 4832 no·

358 4849 437 4915 stris
455 4849 708 4917 successoribus
734 4850 890 4918 utilitates
917 4853 1073 4939 plurimes
1089 4851 1289 4934 accrevisse,
1316 4850 1480 4916 dictorum
1494 4847 1623 4918 Nicolai
1638 4859 1672 4917 ct
1687 4849 1827 4946 Georgii
1843 4849 2024 4916 advocmo·

1717 4954 1878 5042 ‚ror
