4930 5922
1158 667 1575 827 --ss-J.¹

457 927 513 1011 ad
532 950 610 1008 nos
631 923 773 1031 Regni
809 915 1142 1053 gubernaculum
1185 913 1489 1017 devenisset,
1470 941 1567 1022 Jure
1588 915 1850 997 successorio
1871 941 1948 998 seu
1969 913 2114 998 ordine
2296 999 2302 1010 ,
2412 927 2418 944 ·

458 1043 671 1160 geniture,
706 1038 867 1146 placuit
901 1034 1024 1118 nobis
1058 1035 1166 1114 inter
1201 1042 1383 1152 cetera,·
1363 1033 1634 1138 libertatem
1671 1031 1857 1113 fidelium
1877 1041 2112 1116 nostrorum

457 1145 667 1268 hospitum
709 1153 923 1240 Saxonum
968 1152 1021 1232 de
1062 1149 1234 1260 Scepusz
1273 1113 1506 1260 graciosius
1547 1149 1795 1251 reformare,
1839 1149 2113 1232 concedendo

458 1276 618 1358 eisdem
654 1274 768 1354 hunc
805 1277 1011 1351 statutum
1033 1277 1076 1349 et
1097 1268 1285 1377 graciam
1319 1268 1444 1350 libert
1429 1278 1573 1350 t.atum
1627 1263 1753 1365 Quod
1787 1265 1909 1349 nobis
1945 1267 2114 1350 rdeione

336 1415 343 1428 '
455 1392 617 1476 terrarii
638 1387 734 1501 (sic)
751 1387 928 1497 singulis
950 1385 1070 1466 annis
1091 1386 1291 1466 tricantes
1312 1411 1477 1467 marcas
1500 1365 1607 1466 101111
1621 1383 1788 1494 argenti
1809 1411 1905 1466 cum
1926 1384 2113 1491 pondere
2260 1395 2263 1400 ’

458 1502 1153 1592 111111015111001001111011Μο11ἱηὶ
1190 1501 1441 1586 confessoris
1478 1503 1639 1586 solvere
1674 1511 1915 1602 teneantur,
1958 1498 2128 1610 quibus·

458 1625 625 1761 solutis,
647 1623 701 1706 ab
724 1622 918 1706 omnibus
956 1600 1731 1727 0100010111)ηο01001100110,(10011“0
1769 1629 1812 1702 et
1794 1617 2113 1722 tvictualibus,
2225 1661 2231 1668 ·

457 1773 541 1855 que
561 1743 605 1836 in
625 1741 777 1850 Regno
814 1747 957 1824 nostro
996 1738 1107 1848 exigi
1143 1680 2113 1933 0011110111,01111111011110111101101110111111.

383 1923 385 1930 .
455 1860 624 1943 Deinde
647 1886 743 1938 cum
763 1883 841 1938 nos
862 1857 909 1936 in
926 1854 1078 1964 Regno
1114 1865 1259 1940 nostro
1295 1855 1363 1936 vel
1400 1865 1517 1938 extra
1550 1883 1734 1964 regnum
1771 1853 1907 1936 exerci
1910 1862 2028 1934 tuare
2047 1853 2115 1936 vel

457 1977 666 2088 miliciam
688 2001 884 2054 exercere
921 1972 1099 2081 exigerit
1120 1970 1216 2085 (sic)
1238 1974 1436 2079 temporis
1457 1974 1708 2109 necessitas,
1738 1971 1988 2078 Imperatori
2018 1983 2114 2052 cum'
2221 2017 2231 2044 .

457 2079 772 2206 quinquaginta
806 2091 905 2172 viris
943 2091 1113 2170 armatis
1148 2089 1351 2171 lanceatis
1386 2092 1528 2172 venire
1566 2089 1841 2190 tenebuntur,
1862 2087 1942 2168 sub
1963 2077 2114 2172 vexillo

454 2211 573 2320 regio
607 2208 779 2292 viriliter
814 2206 1059 2316 pugnaturj.
1113 2205 1222 2290 Cum
1259 2215 1402 2289 autem
1422 2234 1500 2290 nos
1521 2206 1781 2316 provinciam
1802 2205 1966 2286 intrare
1980 2202 2115 2288 bonti-

455 2323 584 2439 gerit,
620 2325 1010 2434 quocienscumque
1028 2323 1128 2415 illuc
1148 2351 1246 2405 eum
1266 2323 1505 2408 Batonibus
1540 2325 1693 2406 nostris
1716 2336 1759 2405 et
1777 2335 1921 2404 nostra
1959 2323 2114 2404 milicia

454 2441 737 2544 veniemus,
725 2443 807 2550 rpsi
840 2442 1028 2548 hospites
1064 2443 1196 2528 nostri
1230 2442 1387 2526 nobis
1376 2471 1419 2523 rn
1438 2441 1608 2524 introitu
1640 2442 1741 2522 dare
1760 2437 2016 2522 tenebuntur
2037 2441 2113 2522 de·

454 2587 629 2644 censum
669 2561 914 2670 opulentum
936 2568 980 2640 01
1000 2559 1214 2640 similiter
1203 2587 1247 2641 1n
1270 2585 1449 2670 egressu
1467 2561 1698 2641 decensum
1720 2559 1946 2641 delicatum
1971 2568 2114 2640 nostre

454 2675 691 2762 celsitudini
728 2685 1055 2788 competentem,
1081 2685 1123 2757 01
1141 2679 1259 2788 quod
1281 2676 1500 2758 crebrius
1488 2705 1533 2756 m
1554 2676 1818 2759 conflictibus
1854 2675 2009 2758 nostris
2044 2703 2114 2758 sa-

345 2849 355 2868 ·
454 2796 635 2907 guinem
656 2791 753 2908 (sic)
775 2821 899 2876 suum
909 2794 1090 2876 uberius
1114 2793 1381 2876 effirnderant
1397 2792 1515 2908 (sic),
1538 2805 1681 2876 nostre
1700 2794 1954 2904 Magastatis
1975 2792 2114 2904 Regio

453 2915 496 2995 111
517 2922 763 3020 conspectu.
815 2910 941 2993 Hanc
979 2912 1138 2995 eisdem
1174 2913 1361 3022 graciam
1396 2911 1521 2994 libert
1506 2923 1636 2994 tatem
1659 2913 1851 2995 duximus
1874 2911 2113 2994 concedan-

455 3029 553 3112 dam
576 3027 672 3140 (sic)
695 3013 823 3128 Quod
842 3029 1017 3112 liberam
1039 3029 1228 3111 habeant
1244 3030 1421 3111 licencie
1456 3025 1702 3112 facultatem
1722 3032 1831 3114 inter
1852 3053 1900 3110 se
1921 3029 2112 3110 commit-

453 3155 562 3248 tere,
600 3171 677 3228 seu
697 3144 898 3228 dudicem
920 3170 1236 3281 quemcumque
1254 3148 1465 3230 voluerint
1487 3148 1687 3283 eligendi,
1710 3147 1784 3256 qui
1802 3173 1890 3228 una
1909 3171 2003 3226 cum
2027 3141 2113 3230 Oo-

452 3265 552 3345 mite
572 3287 648 3370 pro
669 3272 858 3370 tempore
896 3264 1145 3366 constituto,
1182 3289 1327 3347 omnes
1364 3291 1515 3346 causas
1551 3265 1659 3346 inter
1693 3265 1807 3371 ipsos
1845 3272 2111 3373 emergentes

447 3379 661 3491 judicabit
679 3381 723 3462 in
744 3377 917 3479 10100111,
942 3379 1127 3464 Oiuitate
1146 3382 1364 3520 prouincia
1387 3381 1707 3490 Capituli-iuxta
1720 3384 1793 3493 J‘us
1816 3391 1859 3464 et
1878 3391 2113 3465 consuetu·

456 3497 575 3582 dines
595 3498 810 3608 provincie
830 3496 1040 3608 approbat
1041 3525 1107 3603 aa,
1132 3499 1319 3608 deponis
1335 3527 1436 3585 vero
1457 3510 1499 3583 et
1513 3501 1692 3606 mulctis,
1712 3529 1789 3586 seu
1808 3497 2001 3635 Bersagij
2005 3525 2038 3604 s,
2060 3499 2112 3581 de
2260 3496 2263 3500 ’

453 3616 593 3700 causis
615 3613 844 3723 majoribus
863 3616 1222 3724 provenientibus,
1241 3615 1396 3704 Comes
1416 3646 1493 3728 pro
1518 3628 1710 3726 tempore
1730 3619 1984 3716 constitutus
2006 3615 2112 3700 duos

451 3733 627 3840 recipiet
662 3733 874 3836 denarios,
913 3733 1680 3844 00111111111011101010101011010110
1716 3720 2124 3872 110111010111011100

325 3895 330 3903 ·
454 3875 663 3958 expresso,
685 3851 803 3958 quod
825 3853 876 3932 de
898 3853 1077 3959 simplici
1111 3853 1274 3956 wlnere,
1311 3853 1428 3990 quod
1449 3881 1535 3938 non
1555 3853 1705 3936 transit
1723 3855 1767 3932 in
1787 3849 2111 3956 mutilacionem,

452 3965 567 4051 cedit
584 3965 726 4048 media
747 3993 909 4071 murqu
933 3969 986 4050 de
1007 3971 1286 4075 mutilacione,
1308 3972 1499 4082 quinque
1513 3996 1676 4072 marce3
1701 3969 1753 4050 de
1769 3967 1906 4050 fixura
1925 3969 2111 4053 similiter

452 4083 642 4198 quinque
663 4084 904 4187 marce;·de
926 4086 1030 4168 cede
1050 4113 1151 4172 vero
1175 4089 1331 4170 cedunt
1358 4087 1510 4182 ,decem
1544 4113 1698 4172 marce.
1762 4087 1927 4176 Causas
1969 4095 2110 4170 autem

450 4203 650 4303 minores,
670 4228 747 4308 pro
767 4203 975 4308 peccunia
994 4203 1063 4288 vel
1082 4205 1407 4307 hereditatibus,
1430 4204 1584 4290 Comes
1604 4205 1817 4314 provincie
1839 4227 1914 4312 per
1935 4204 2111 4311 0011111-
2200 4245 2208 4256 ·

451 4318 579 4402 cubit.
633 4319 931 4402 Ooncessimus
969 4321 1127 4404 eisdem
1162 4324 1337 4406 liberam
1371 4323 1547 4404 licencie
1570 4323 1833 4424 facultatem,
1865 4323 2109 4404 sacerdotes

451 4463 745 4548 quoscumque
788 4435 1062 4542 decreverint,
1083 4442 1125 4522 in
1146 4469 1246 4527 suas
1270 4436 1468 4524 ecclesias
1507 4439 1702 4551 eligendj,
1744 4441 1819 4549 qui
1841 4439 1892 4522 de
1914 4439 2110 4524 ubertate

450 4563 591 4634 nostre
626 4557 770 4665 gracie
805 4553 947 4640 liberis
969 4559 1142 4638 decimis
1162 4555 1335 4668 iugibus
1355 4557 1617 4666 temporibus
1637 4558 1879 4668 pociantur,
1901 4560 1956 4642 ad
1977 4558 2110 4641 omni·
2220 4657 2223 4670 Ι

449 4673 633 4791 potentis
655 4673 832 4782 gloriam
853 4681 896 4755 et
916 4673 1129 4759 honorem.
1163 4673 1365 4760 Volumus
1387 4675 1562 4778 cociam,
1599 4677 1717 4788 quod
1736 4677 1873 4760 nullus
1895 4677 2108 4764 Comitum

449 4814 526 4899 pro
548 4798 739 4896 tempore
761 4793 1103 4895 constitutorum,
1135 4793 1249 4902 ipsos
1282 4799 1431 4876 contra
1450 4791 1665 4876 libertates
1687 4795 1747 4878 eis
1769 4821 1996 4880 concessas
2018 4821 2109 4880 mo-
