4844 5936
1151 715 1425 786 -478-

467 925 590 1026 cium,
607 907 717 1004 ¹adeo
740 916 818 999 fuit
838 915 1077 1028 neglectum
1101 926 1143 998 et
1165 915 1437 1020 destructum,
1475 917 1590 1025 quod
1619 916 1708 1026 jam
1745 945 1852 1029 pene
1875 919 2110 1005 desolatum

466 1043 595 1154 longo
617 1050 803 1148 tempore
825 1037 973 1142 extitit,
994 1063 1070 1147 per
1092 1064 1221 1146 qnam
1244 1039 1376 1119 eciam
1398 1037 1626 1120 molendini
1655 1038 1962 1123 desolacionem
1982 1038 2112 1126 nostri
2209 1103 2213 1110 -

466 1169 693 1272 proventus
736 1158 872 1240 extitit
909 1155 1168 1244 deteriorata
1182 1155 1386 1259 condicio,
1422 1156 1534 1238 unde
1554 1163 1652 1266 post
1687 1158 1908 1242 decursum
1949 1158 2115 1270 plurimi

405 1339 412 1356 .
462 1281 577 1391 longi
597 1277 808 1386 temporis,
830 1276 1030 1386 prouidus
1051 1275 1249 1360 Nicolaus
1281 1273 1497 1360 Niclouicz
1536 1275 1587 1359 de
1608 1275 1873 1361 Rodorcticze
1901 1277 2112 1362 heredita-

461 1413 546 1484 tem
569 1409 611 1482 et
632 1398 939 1480 successionem
961 1393 1113 1506 prefati
1136 1395 1362 1478 molandini
1382 1395 1635 1504 pretendens
1667 1396 1747 1480 sibi
1770 1397 1932 1506 dejure
1956 1399 2111 1504 deberi,

463 1519 651 1604 exhibuit
666 1541 806 1599 coram
828 1513 1051 1623 Majestate
1071 1524 1215 1600 nostra
1233 1514 1375 1596 literas
1397 1513 1664 1626 priuilegium
1689 1517 1964 1621 continentes,
2002 1545 2111 1628 quas

374 1661 377 1668 ’
460 1640 541 1724 sibi
563 1633 787 1747 approbari
827 1635 1028 1737 innovari,
1069 1633 1271 1717 ratificari
1312 1643 1354 1715 et
1396 1635 1657 1718 corroborari
1697 1643 1837 1720 nostre
1877 1635 2111 1746 Majestatis

460 1758 709 1848 auctoritate
731 1753 874 1836 humili
896 1781 991 1835 cum
1011 1755 1219 1836 instancia
1240 1753 1479 1862 postulavit,
1521 1755 1757 1865 astringens
1779 1782 1826 1838 se
1848 1765 1891 1836 et
1912 1756 2109 1868 obligans

458 1882 515 1967 ad
541 1875 892 1959 instauracionem
918 1883 960 1954 et
987 1873 1305 1982 reparacionem
1338 1882 1466 1982 atque
1495 1873 1861 1958 reedificacionem
1882 1875 2108 1960 molendini

457 1996 619 2112 prefati,
642 1993 760 2102 cujus
781 1991 986 2103 privilegij
1007 2001 1128 2077 tenor
1150 1991 1201 2072 de
1224 2018 1308 2102 quo
1330 1991 1379 2074 fit
1399 1993 1574 2096 mencio,
1612 1993 1664 2074 de
1699 1993 1828 2078 verbo
1849 1993 1904 2077 ad
1926 1994 2102 2079 verbum

459 2118 649 2228 sequitur
690 2122 732 2195 et
773 2121 836 2194 est
875 2111 983 2193 talis:
1035 2110 1147 2214 (Huc
1185 2110 1361 2220 sequitur
1397 2109 1530 2193 tabula
1547 2113 1635 2222 jum
1656 2114 1834 2223 superruo
1865 2140 2105 2224 capreosa-

462 2241 513 2324 N.
530 2231 694 2340 CLIV).
880 2328 883 2336 ,

480 2387 483 2394 ¹
563 2357 650 2440 Nos
671 2353 799 2464 igitur
819 2349 969 2459 prefati
988 2349 1153 2460 providi
1172 2349 1336 2433 Nicolai
1357 2349 1621 2460 Niklijovycz
1644 2349 1696 2432 de
1717 2348 1982 2433 Radoscbr‘cze
2002 2352 2111 2459 peti-

460 2479 623 2561 cionem
646 2483 688 2554 ct
710 2469 970 2554 oblacionem
986 2470 1147 2580 justam
1171 2479 1214 2549 et
1233 2469 1390 2552 racioni
1413 2495 1643 2553 consonam
1664 2476 1923 2580 reputantes,
1965 2469 2046 2552 sibi
2069 2479 2110 2552 et

461 2598 546 2678 suis
568 2591 786 2705 legittimis
809 2587 1126 2673 successoribus
1148 2587 1415 2699 priuilegium
1456 2589 1691 2698 predictum
1728 2589 1921 2671 duximus
1959 2615 2111 2700 appro-

459 2713 658 2815 bandum,
679 2707 976 2812 innovandum,
996 2705 1293 2791 ratificandum
1315 2716 1357 2790 et
1374 2706 1740 2810 corroborandum,
1761 2717 1886 2816 prout
1902 2707 2111 2820 approba·

459 2861 565 2936 mue,
585 2829 854 2929 ratificamus,
876 2825 1206 2929 corroboramus,
1230 2827 1502 2909 decernentes
1540 2855 1635 2909 eum
1657 2827 1753 2938 (sic)
1774 2826 1902 2910 robur
1931 2837 1974 2909 et
1992 2829 2112 2940 vigo·
2160 2839 2164 2848 '

458 2983 544 3036 rem
564 2960 815 3060 perpetuum
844 2947 1082 3030 habiturum
1124 2955 1267 3028 tenore
1303 2945 1566 3056 presencium
1603 2947 1828 3028 mediante.
1890 2945 1957 3028 Ita
1993 2947 2108 3058 quod

460 3075 552 3184 ipse
572 3069 773 3153 Nicolaus
814 3065 1024 3148 tenebitur
1047 3076 1089 3148 et
1111 3064 1283 3148 debebit
1305 3094 1355 3149 ac
1375 3067 1507 3177 ipsius
1550 3091 1817 3148 successores
1857 3063 2113 3149 tenebuntur

466 3200 509 3274 et
530 3187 748 3272 debebunt
769 3185 1051 3274 molendinum
1072 3185 1308 3295 predictum
1324 3185 1415 3296 jam
1435 3211 1548 3296 pene
1591 3185 1847 3268 desertatum
1884 3194 1926 3267 et
1948 3185 2113 3270 desola-

462 3325 552 3394 tum
587 3308 834 3410 instaurare,
865 3301 1122 3408 reedificare,
1153 3333 1347 3414 reparare
1373 3315 1416 3387 et
1435 3313 1677 3389 construere
1709 3301 1850 3388 debite
1872 3331 1946 3414 pro
1969 3315 2112 3389 nostra

465 3437 508 3513 et
528 3435 766 3512 nostrorum
788 3424 953 3510 meliori
975 3423 1234 3526 condicione,
1249 3425 1417 3534 juribus
1442 3433 1483 3508 et
1504 3423 1837 3508 obuencionibus
1874 3425 2025 3509 nostris
2046 3453 2110 3508 re·

464 3549 632 3662 galibus
655 3572 820 3653 semper
841 3541 981 3626 saluis.
1013 3541 1062 3626 In
1085 3543 1204 3654 cujus
1221 3546 1282 3626 rei
1301 3543 1589 3629 testimonium
1610 3551 1691 3668 eto.
1723 3541 1878 3625 Actum
1902 3543 2109 3628 Oracouie

460 3667 563 3751 feria
584 3673 736 3776 quarta
756 3664 947 3773 proxima
968 3671 1065 3772 post
1087 3661 1336 3749 dominicam
1354 3662 1575 3750 Invocavit
1589 3663 1631 3744 in
1647 3661 1989 3774 quadragesima,
2007 3662 2108 3748 feria

461 3787 610 3900 quinta
629 3795 727 3892 post
748 3783 944 3868 Cinerum
966 3810 1076 3869 anno
1093 3781 1249 3867 domini
1268 3783 1487 3868 millesimo
1529 3783 1868 3896 quingentesimo
1909 3783 2108 3868 secundo.

448 3903 604 4016 ,Regni
623 3904 753 3986 nostri
773 3904 918 4013 primo.

563 4137 836 4227 Presentibus
860 4149 941 4220 etc.
