4856 5932
1114 657 1385 732 ...452-

432 867 487 950 ud
509 865 715 977 granicies
757 857 990 964 nummulo,
1032 854 1088 946 ab
1129 857 1251 942 aciali
1287 859 1472 970 granicie
1510 854 1781 969 lysctotayska
1817 862 1873 947 cd·
1892 863 2068 948 acialem

434 985 663 1096 graniciem
684 976 976 1064 Sturorcz'lract
996 1007 1189 1089 campum
1222 1007 1273 1060 ec
1306 1005 1432 1062 arum
1464 975 1679 1062 dublouslce
1710 980 1882 1089 dempto
1913 985 2092 1094 magnd'

433 1129 552 1204 aruc,
585 1101 699 1208 quod
729 1097 809 1182 sibi
844 1101 1044 1182 remansit
1073 1099 1183 1181 idem
1214 1096 1363 1188 nobilis
1392 1095 1626 1180 bernardus
1656 1125 1731 1206 pro
1762 1102 1937 1212 triginta
1966 1131 2072 1186 mer-

433 1223 491 1304 cis
528 1218 623 1333 (sic)
655 1219 833 1328 pecunie
865 1219 1137 1300 communiter
1170 1219 1217 1316 'in
1248 1243 1381 1327 regno
1421 1201 1643 1320 currentis,
1682 1224 1933 1322 cumomni
1972 1223 2072 1322 iure,

431 1341 686 1450 proprietate
716 1347 758 1420 et
789 1337 978 1421 dominic.
998 1347 1123 1446 prout
1152 1337 1264 1421 solus
1303 1337 1448 1418 tenuit.
1493 1335 1620 1416 nichil
1651 1335 1731 1418 sibi
1761 1335 1915 1422 ibidem
1957 1369 2073 1422 rese-

430 1458 589 1544 ruando
630 1485 710 1540 nec
750 1457 836 1538 suis
865 1456 1079 1568 legittimis
1112 1454 1425 1568 successoribus
1457 1463 1661 1564 perpetue
1693 1456 1806 1538 etin
1848 1486 1965 1548 ewm,
2016 1459 2074 1542 Et

431 1581 513 1661 iam
550 1577 630 1660 sibi
661 1575 775 1658 dedit
804 1575 1151 1660 intromissionem
1181 1565 1255 1684 per
1285 1573 1596 1658 ministerialem
1636 1583 1875 1658 terrestrem
1905 1581 2072 1662 nomine

433 1697 610 1782 Paulum
644 1703 686 1777 ct
714 1703 790 1803 p'er
817 1695 954 1804 ipsum
976 1692 1136 1775 Sdhcnlr
1170 1695 1352 1797 tenendi,
1383 1692 1580 1796 habendi,
1610 1695 1837 1778 utifrueudi
1856 1707 2072 1806 perpetue.

433 1817 489 1900 Et
507 1819 645 1926 ipsum
667 1814 794 1897 debet
813 1815 919 1894 tueri
941 1811 995 1896 ab
1020 1814 1129 1896 omni
1149 1813 1430 1922 inpedimento
1455 1812 1677 1898 cuiuslibet
1708 1841 1885 1923 persone
1921 1844 2074 1900 secun-

435 1935 533 2018 dur'n
564 1942 673 2014 terre
705 1933 1070 2016 eonswerudinem.
1132 1931 1182 2016 In
1213 1933 1331 2014 cuius
1361 1933 1423 2040 rei
1452 1935 1733 2018 testimonium
1765 1935 1902 2045 sigilla
1931 1947 2074 2020 nostra

434 2063 530 2136 sunt
568 2051 832 2162 presentibus
871 2051 1154 2160 subappensa.
1215 2051 1373 2133 Datum
1405 2053 1446 2132 in
1478 2047 1597 2134 lullr'n
1628 2052 1730 2136 feria
1760 2053 1949 2137 secunda
1979 2083 2075 2166 pro-.

432 2174 544 2256 xima
579 2180 676 2280 post
710 2167 863 2253 festum
889 2182 1133 2253 sanctorum
1163 2170 1278 2270 Petri
1309 2177 1351 2250 et
1381 2169 1499 2253 Pauli
1531 2173 1826 2280 apostolorum,
1860 2202 1968 2259 anno
2000 2174 2075 2258 do·

433 2293 532 2376 mini
562 2289 776 2374 millesimo
820 2289 1234 2400 quadringentesimo
1267 2289 1582 2400 septuagesimo
1614 2293 1804 2400 septimo.
1865 2293 2075 2404 Presenti-

286 2463 287 2472 κ
433 2409 514 2492 bus
548 2409 764 2522 generosis
797 2415 840 2490 et
869 2407 1082 2492 nobilibus
1113 2407 1239 2492 Petro
1272 2418 1313 2491 ct
1352 2405 1548 2491 dohanne
1589 2408 1861 2519 Kuuynsln'clr,
1892 2411 2071 2495 Martino

436 2529 488 2610 de
511 2527 721 2638 Osctr'jmp,
753 2524 949 2611 Johanne
981 2527 1033 2608 de
1065 2523 1277 2632 Justtlroun
1309 2526 1476 2612 Jacobo
1508 2525 1732 2640 Kanynslu'j
1764 2530 1817 2610 de
1847 2527 2075 2614 Jueulowi-
2208 2563 2214 2588 ι

437 2673 498 2730 cre
530 2643 605 2761 (ἲ),
636 2643 833 2730 dohanne
857 2629 1242 2756 'Crresctymcrusln'j'
1262 2644 1316 2761 (³)
1349 2655 1391 2730 et
1429 2646 1519 2756 alijs
1538 2673 1541 2680 ’
1561 2675 1689 2758 quam
1732 2645 1923 2758 pluribus
1954 2649 2075 2736 nobi-

433 2764 542 2850 libus
564 2767 676 2849 circa
705 2765 908 2874 premissa
936 2764 1020 2849 fide
1053 2765 1204 2876 dignis.

640 2969 710 3055 Jo.
734 2965 925 3079 Kyuuslcy

741 3089 911 3199 propria
928 3117 1068 3174 manu.

540 3320 580 3401 (²)
601 3319 802 3388 Jahrbouicr:
817 3323 850 3388 in
867 3307 1020 3390 moderna
1033 3321 1224 3390 Lubliuensi
1237 3323 1407 3408 provincis
1421 3331 1489 3388 tres
1504 3333 1581 3389 sunt
1594 3324 1740 3412 ejusdem
1768 3324 1907 3392 nominis
1922 3323 2029 3407 villae,
2044 3327 2078 3392 in
2201 3365 2203 3372 ,

286 3423 293 3440 '
437 3405 658 3485 Krasnicensi‚
674 3405 925 3477 Lubartoviensi
940 3418 972 3474 et
986 3407 1176 3476 Lubliuensi
1190 3408 1334 3494 regione.

541 3491 579 3574 (ll
602 3489 735 3571 Nobilis,
751 3493 806 3580 qui
822 3494 855 3560 in
869 3495 1014 3580 proxime
1031 3495 1243 3587 praecedente
1258 3493 1376 3574 tabula,
1389 3493 1411 3562 J
1415 3485 1559 3563 chenncs
1575 3493 1613 3560 de
1629 3494 1833 3576 Orzcsrimm
1843 3495 2035 3584 appellatur.
