4930 5922
1122 751 1399 823 -rar-

423 953 649 1037 approbamus
664 951 874 1017 ratifficamus
889 959 1071 1030 tenoreque
1087 947 1296 1031 presencium
1312 947 1545 1012 confirmamus
1559 955 1629 1012 rota
1644 955 1748 1032 grata·
1761 947 1921 1016 habentes
1937 951 2015 1032 (sic)
2031 951 2091 1018 de-

428 1048 601 1103 cernentes
630 1039 736 1120 ipsum
755 1039 789 1100 in
805 1035 956 1099 omnibus
972 1031 1041 1096 suis
1056 1031 1312 1096 condicionibus
1335 1031 1489 1108 clausulis
1504 1032 1636 1117 punctis
1652 1041 1685 1095 et
1699 1031 1846 1099 articulis
1862 1034 1963 1098 robur
1978 1047 2012 1101 et
2025 1038 2092 1100 vim

428 1121 577 1186 obtinere
592 1128 751 1205 perpetue
767 1120 931 1184 firmitatis
945 1116 1059 1180 harum
1076 1116 1194 1198 quibus
1212 1115 1363 1202 Sigillum
1378 1125 1528 1180 nostrum
1542 1137 1724 1198 appensum
1739 1125 1791 1181 est
1805 1118 2004 1185 testimoniis
2019 1121 2091 1186 lite·

426 1227 533 1268 rarum
561 1205 680 1274 Actum
696 1204 730 1267 in
745 1203 847 1269 Nossa
875 1204 1003 1268 Ciuitate
1027 1199 1109 1264 feria
1134 1201 1248 1282 quinta
1263 1210 1342 1284 post
1355 1199 1474 1264 festum
1490 1201 1596 1264 sancti
1611 1199 1836 1266 Bartholomei
1851 1203 1952 1268 Anno
1969 1203 2093 1268 domini

425 1287 600 1352 Millesimo
617 1287 944 1374 quadringentesimo
962 1285 1122 1369 vigesimo
1140 1293 1258 1348 octavo
1275 1284 1484 1368 presentibus
1498 1284 1695 1350 Reuerendo
1711 1293 1744 1348 et
1759 1285 1947 1371 Magnihcis
1963 1287 2091 1352 Nobili·

424 1369 486 1436 bus
504 1370 705 1458 SbygneoE
729 1373 848 1455 iscopo
865 1369 1101 1452 Gracowyensi
1112 1367 1264 1434 dohanne
1281 1367 1321 1432 de
1338 1371 1469 1434 Tarson
1485 1368 1702 1436 Cracoviensi
1716 1367 1854 1433 Nicolao
1871 1369 1911 1435 de
1928 1373 2092 1437 Micholow

400 1454 687 1521 .Sandomiriensi
702 1395 832 1522 lambo
848 1455 889 1520 de
906 1457 944 1519 K
941 1454 1138 1540 onyeczpolys
1153 1452 1346 1536 Siradyensi
1367 1453 1520 1538 palatinis
1535 1463 1631 1536 petro
1649 1451 1895 1537 Schalrsnyecz
1913 1454 2091 1520 Succsme·

424 1539 511 1603 reric
539 1539 756 1607 Cracoviensi
781 1537 962 1604 Domarath
979 1539 1019 1601 de
1037 1539 1187 1623 tbctlony
1213 1536 1404 1602 Castellsno
1432 1537 1597 1622 Byecensi
1613 1547 1646 1603 et
1661 1536 1733 1620 slijs
1749 1557 1844 1620 quam
1861 1538 2009 1622 pluribus
2026 1538 2090 1604 fide

423 1621 457 1685 di
483 1624 544 1689 nis.
568 1626 690 1690 Datum
705 1647 765 1708 per
779 1645 894 1688 manus
908 1621 1152 1687 Venerabilium
1164 1623 1184 1687 d
1189 1620 1327 1687 ohannis
1343 1620 1461 1686 decani
1477 1620 1709 1689 Cracoviensis
1726 1621 1831 1707 Regni
1846 1622 1983 1686 Polonie
2000 1622 2088 1688 Cau·

422 1645 545 1804 cellarij
563 1707 796 1858 epssWladyslsi
811 1707 851 1774 de
869 1708 999 1796 Oporow
1024 1705 1233 1772 decretorum
1253 1705 1404 1772 doctoris
1419 1705 1565 1772 eiusdem
1581 1705 1689 1794 Regni
1703 1705 1974 1791 Vicecancellarij
1990 1705 2090 1771 nobis
2137 1767 2143 1776 ,

422 1811 553 1857 sincere
598 1793 777 1858 'ectoruns
993 1801 998 1806 '

1193 2180 1313 2298 ivi.
1371 2115 1372 2118 Ὗ

676 2437 1239 2522 Graeceius-mense
1260 2435 1491 2519 Octobri
1507 2437 1649 2522 ΜΘ
1669 2460 1834 2522 utino.

421 2654 699 2736 catharina
714 2655 782 2741 nui
793 2655 936 2746 stephani
953 2655 990 2728 ts
1004 2655 1113 2748 majori
1126 2653 1258 2742 Peioris,
1270 2673 1338 2728 eun
1352 2653 1527 2744 sompnis
1541 2655 1654 2728 nsriio
1665 2655 1837 2728 ssosiisn
1847 2657 2085 2726 Cimoinooiee

419 2761 529 2848 patruo
546 2759 695 2832 ttsnsnti
716 2757 865 2848 dodino
887 2755 1122 2828 salonicensi
1145 2757 1259 2828 ssndt
1300 2756 1620 2846 intronizentur
1642 2759 1805 2832 tracesiis
1828 2761 1861 2830 st
1881 2757 2087 2832 tudurninse

420 2857 518 2930 sidon
534 2859 681 2931 tiensnti
694 2877 814 2932 onnon
835 2861 1023 2949 potsststsn
1037 2857 1469 3044 iiitiissffiisoppppipppsss
1483 2858 1630 2948 mnudi,
1644 2877 1722 2950 quos
1737 2860 1778 2932 si
1791 2860 1932 2932 snniins
1945 2863 2086 2933 cronius

523 3163 574 3246 In
608 3167 775 3252 nomine
815 3167 990 3270 domini,
1033 3193 1169 3250 amen.
1223 3167 1334 3252 Oum
1353 3167 1398 3246 in
1418 3163 1614 3250 humanis
1651 3165 2003 3276 disposicionibus
2040 3177 2084 3248 et

418 3283 598 3394 agendis
619 3284 748 3368 nichil
766 3286 822 3368 ad
842 3312 1004 3366 summe
1025 3285 1300 3392 perfeccionis
1325 3295 1367 3367 et
1387 3271 1606 3368 solitidatis
1644 3263 1809 3366 erdme'n
1830 3287 1965 3393 possit
1983 3313 2082 3394 per-

417 3401 582 3504 uenire,
604 3401 680 3483 sed
700 3431 866 3513 semper
888 3403 941 3484 de
963 3404 1097 3512 gestis
1134 3403 1351 3484 hominum
1388 3405 1584 3512 quamuis
1620 3401 1949 3488 racionabilibus
1987 3414 2081 3486 tan·

413 3535 548 3626 quam
580 3520 634 3602 de
652 3523 771 3622 naui,
809 3549 895 3631 que
932 3519 1131 3602 fluctibus
1169 3529 1233 3599 cst
1269 3523 1462 3628 exposita
1499 3521 1580 3606 sub
1616 3521 1853 3604 serenitatis
1889 3532 2082 3630 tempore

416 3637 553 3718 timeri
574 3647 769 3744 oporteat
790 3638 1026 3744 calumpnia
1048 3647 1339 3745 tempestates.
1380 3639 1545 3738 Idcirco
1564 3667 1619 3719 ea
1641 3667 1725 3749 que
1750 3667 1800 3718 ex
1820 3639 2081 3721 vendicionis

415 3751 552 3859 tytulo
576 3755 868 3861 disponuntur.
929 3754 1118 3838 Necesse
1144 3763 1208 3836 cst
1228 3767 1275 3836 ut
1293 3755 1477 3864 lytterali
1496 3756 1696 3838 memorie
1724 3757 2081 3857 commendentur,

416 3869 473 3951 ad
493 3865 812 3954 habundantem
849 3873 1048 3954 noticiam
1069 3875 1335 3979 presencium
1358 3882 1401 3953 et
1418 3873 1681 3980 perhennem
1702 3873 1945 3954 memoriam
1966 3869 2080 3952 futu-

414 4010 569 4070 rorum.
604 3985 723 4070 Sciat
741 3989 870 4097 igitur
890 3997 978 4068 tam
1000 4017 1176 4098 presens
1200 4000 1291 4073 etas
1313 3991 1540 4094 hominum,
1557 4016 1687 4099 quam
1704 3987 1838 4070 eciam
1853 3989 2080 4097 posteritas

390 4097 679 4187 successura.
733 4103 859 4204 Quod
889 4133 967 4190 nos
997 4105 1155 4191 Lestco
1178 4109 1244 4189 dei
1266 4109 1413 4222 gracia
1434 4108 1520 4192 dux
1544 4107 1771 4208 Oraeouie,
1805 4105 2081 4212 Sandomirie,

320 4303 330 4322 ‚
417 4229 460 4304 et
480 4219 746 4330 Syradiensis
769 4223 963 4307 omnibus
983 4225 1251 4333 presentibus
1273 4240 1316 4309 et
1335 4225 1482 4308 futuris
1504 4223 1792 4306 insinuaeione
1813 4224 2079 4332 presencium

417 4339 692 4442 declaramus:
727 4338 853 4441 Quod
875 4343 1045 4426 domina
1065 4343 1272 4428 Katerina
1288 4344 1373 4426 filia
1390 4340 1553 4428 Stefani
1573 4341 1644 4449 filij
1666 4339 1836 4426 onnis
1859 4341 1913 4422 de
1933 4343 2080 4426 maiori
2109 4417 2115 4426 .

414 4457 590 4542 Polonia
629 4461 804 4544 veniens
845 4485 988 4544 coram
1023 4461 1144 4545 nobis
1177 4470 1220 4545 et
1248 4461 1486 4556 Beronibus
1518 4460 1670 4545 nostris
1702 4487 1798 4540 cum
1828 4461 1979 4575 marito
2000 4485 2078 4543 suo

520 4689 559 4768 (¹)
577 4690 732 4758 Etabula
755 4691 1005 4760 membranacea
1030 4693 1208 4778 descripsit
1224 4693 1410 4762 Slswiiislri.
1442 4691 1606 4758 Funiculo
1621 4691 1723 4758 rubro
1739 4713 1920 4777 appensum
1936 4689 2077 4776 sigillum

414 4772 449 4836 in
464 4789 543 4853 quo,
559 4784 727 4840 exaratum
741 4777 832 4860 quod
845 4779 963 4859 fueret,
990 4799 1075 4843 nunc
1100 4777 1197 4864 plsne
1213 4778 1355 4843 evanuit.
1385 4776 1598 4864 Privilcgium
1612 4776 1677 4842 hoc
1693 4775 1804 4842 multis
1819 4773 2076 4842 abbreviationi·

310 4865 313 4872 '
414 4855 478 4921 bus
494 4856 670 4942 scriptum,
692 4857 756 4950 huc
779 4870 961 4948 totumper
976 4871 1160 4949 extensum,
1174 4863 1267 4948 prelo
1284 4862 1454 4958 donamus.
