4930 5922
1039 761 1316 832 -145-

208 991 211 998 ·
340 961 526 1046 Oiuitate
549 957 769 1065 deponant
788 985 868 1042 nec
890 960 993 1042 alias
1015 960 1198 1041 educere
1219 961 1494 1042 audeant'vel
1508 933 1757 1070 presumant
1778 965 1914 1049 donec
1935 993 2013 1050 sua

207 1151 211 1164 .
340 1077 614 1162 mercimonia
634 1077 881 1186 supradicta
904 1075 1155 1185 hospitibus
1178 1077 1231 1158 de
1254 1077 1430 1158 diuersis
1459 1077 1658 1188 ‘partibus
1678 1081 1748 1164 vel
1766 1074 2022 1192 regionibus

330 1193 672 1309 aduenientibus,
700 1221 777 1278 seu
812 1197 966 1280 no'stris
1004 1195 1181 1280 Oiuibus
1212 1224 1265 1277 ex
1288 1196 1455 1305 integro
1476 1197 1735 1279 reuendant.·
1780 1196 2013 1284 Staurimus
2148 1217 2151 1223 ’
2211 1229 2215 1236 ·

342 1315 475 1395 eciam
511 1324 556 1395 et
581 1313 775 1394 volumus
809 1313 926 1423 quod
961 1322 1132 1396 moneta
1167 1315 1404 1395 communis
1443 1313 1710 1399 denariorum
1745 1317 1789 1414 iu
1823 1319 2015 1426 predicta

335 1430 526 1518 Ciuitate
547 1427 758 1514 habeatur
771 1441 817 1512 et
831 1457 907 1540 per
921 1439 1059 1514 totum
1076 1427 1307 1513 dominium
1325 1430 1685 1516 Sandomiriense
1690 1464 1716 1517 a
1731 1435 2014 1520 vendentibus

244 1623 250 1632 .
340 1561 383 1632 et
403 1547 640 1630 ementibus
678 1575 744 1630 res
781 1549 1102 1659 qualescunque
1137 1547 1465 1632 irieousab'iliter
1501 1553 1735 1660 accipiatur
1765 1579 1846 1634 nec
1868 1554 2013 1664 aliqua

338 1670 382 1750 in
402 1661 681 1776 preiudicium'
703 1664 817 1750 Ciuit
800 1667 877 1750 tati
897 1667 982 1748 iam
1004 1691 1201 1774 expresse
1224 1665 1454 1778 vergencia
1476 1668 1531 1750 ab
1555 1670 1646 1751 aliis
1663 1665 1921 1755 Ciuitatibus
1943 1671 2011 1756 vel

340 1783 669 1896 quibuscunque
706 1783 797 1869 aliis
831 1781 974 1868 inferri
1010 1785 1315 1892 permittemus
1371 1785 1479 1869 Oum
1502 1798 1646 1869 autem
1665 1787 1847 1872 Ciuitas
1869 1799 2020 1873 nostra

238 1959 249 1972 .
338 1904 631 2011 prenominata
653 1929 704 1983 ex
722 1903 787 1982 int
790 1929 891 2014 egro
913 1905 958 1983 in
979 1928 1105 2022 opere
1138 1927 1272 1983 suos
1253 1907 1418 1986 steterit
1453 1913 1700 1986 constructa
1728 1917 1773 1988 et
1799 1908 2020 2020 completa

339 2019 532 2102 volumus
568 2029 672 2100 tuno
708 2021 826 2129 quod
862 2047 1026 2101 camere
1064 2043 1301 2127 pannorum
1325 2030 1368 2102 et
1386 2021 1656 2104 institorum
1645 2051 1688 2102 ιιι
1710 2023 1892 2106 eadem'
1881 2053 2014 2108 mme-

341 2137 500 2219 diate-
477 2145 780 2238 construantur
800 2138 854 2218 de
875 2137 1031 2248 quibus
1064 2137 1186 2222 nobis
1208 2144 1251 2218 et
1271 2139 1424 2221 nostris
1461 2133 1781 2223 successoribus
1819 2141 2014 2252 quinque

339 2264 482 2361 partes
520 2227 684 2366 cedent
707 2253 934 2354 solucionis
958 2264 1079 2361 sexta
1098 2281 1198 2338 vero
1221 2255 1277 2334 ad
1299 2257 1555 2340 advocatum
1591 2255 1889 2340 hereditarium
1913 2265 2049 2340 oum‘
2159 2317 2161 2322 .
2302 2339 2322 2364 ‚
2392 2318 2401 2326 -

340 2374 427 2454 suis
447 2372 646 2482 legitimis
667 2371 988 2456 suecessoribus
1009 2372 1249 2480 pertinebit.
1298 2373 1366 2456 De
1388 2374 1478 2456 aliis
1517 2375 1712 2457 omnibus
1751 2403 1836 2485 que
1859 2399 2013 2456 secun-

237 2513 242 2528 ·
277 2575 282 2584 ,
341 2499 407 2570 tur
431 2499 598 2599 utpote
621 2491 673 2572 de
695 2492 875 2572 cameris
894 2491 964 2572 vel
983 2489 1170 2572 macellis
1193 2491 1439 2574 carnificum
1464 2492 1525 2574 de
1538 2491 1714 2574 benecis
1738 2491 1835 2604 (sio)
1878 2485 2011 2606 pisto

339 2634 432 2687 rum
457 2619 500 2688 et
520 2608 841 2717 calcipariorum
873 2619 1006 2718 atque
1037 2609 1091 2690 de
1112 2611 1292 2690 cameris
1332 2612 1664 2694 examinatorum
1704 2612 1872 2720 argenti
1894 2607 2013 2692 etde

342 2723 554 2833 domijbus
594 2727 853 2810 mactatoriis
890 2753 973 2836 quc
1010 2727 1169 2809 cutlere
1220 2715 1519 2842 nuncupantur
1556 2737 1600 2808 et
1636 2727 1688 2808 de
1730 2727 1892 2810 balneis
1930 2729 2014 2836 hijs

340 2842 536 2924 omnibus
559 2871 632 2953 per
651 2844 790 2980 ipsum
813 2843 1069 2928 advocatum
1092 2837 1392 2926 hereditarium
1415 2848 1738 2928 constructiset
1759 2849 2014 2956 comparetis
2149 2895 2155 2906 ·

301 2971 305 2982 '
340 2985 425 3042 non
446 2961 563 3048 alteri
596 2966 729 3072 quam
764 2964 845 3070 ipsi
880 2961 1112 3045 aduocato
1130 2957 1199 3046 Wi
1203 2961 1368 3046 theoni
1385 2973 1429 3044 et
1464 2967 1554 3046 suis
1587 2965 1768 3072 posteris
1805 2973 2014 3102 tanquam
2055 2982 2060 2990 '
2163 3050 2207 3094 Ὗ

340 3075 523 3162 Domino
545 3105 623 3162 suo
645 3079 820 3187 speciali
852 3081 1092 3162 deseruient
1123 3089 1182 3162 et
1197 3082 1433 3164 soluciones
1476 3082 1813 3193 qualescumque
1836 3109 1887 3164 ex
1908 3083 2012 3190 ipsis
2071 3171 2075 3176 ,

230 3211 233 3218 ’
340 3198 590 3302 prouenient
609 3199 679 3280 vel
697 3209 877 3306 possunt
894 3199 939 3278 in
960 3197 1146 3279 flitmum
1184 3199 1406 3306 prouenire
1442 3199 1749 3308 persoluentur.
1801 3199 2016 3284 Promitti-

341 3339 435 3392 mus
456 3316 629 3424 insuper
653 3315 830 3399 Ciuibus
853 3317 1006 3398 nostris
1028 3317 1285 3424 supradictis
1300 3319 1344 3398 in
1359 3317 1546 3424 ipsorum
1566 3317 1754 3401 Ciuitate
1768 3319 2014 3425 parochiam

250 3437 253 3450 '
341 3439 390 3510 ut
410 3441 658 3514 construant
692 3435 919 3543 specialem
952 3434 1007 3516 ab
1040 3433 1253 3542 Episcopo
1276 3433 1480 3517 obtinere.
1542 3425 1652 3518 Item
1675 3437 1825 3516 damus
1848 3445 1892 3516 ot
1910 3461 2017 3518 con·
2120 3431 2126 3444 '
2248 3467 2258 3494 ·-

207 3615 211 3624 .
322 3547 535 3631 ‚cedimus
571 3551 764 3658 predicto
801 3553 1014 3634 aduocato
1047 3550 1264 3636 Withconi
1286 3563 1329 3632 et
1349 3555 1436 3634 suis
1457 3554 1637 3658 posteris
1659 3553 1702 3632 in
1724 3547 1918 3633 omnibus
1940 3550 2015 3636 Ri-

341 3665 449 3748 uulis
471 3676 515 3748 et
533 3669 671 3752 fluviis
708 3693 908 3780 agrorum
945 3667 1121 3753 Ciuitati
1141 3693 1217 3775 per
1238 3665 1321 3750 uos'
1347 3667 1502 3750 additis
1544 3669 1790 3778 ubicunque
1825 3667 2014 3756 locorum
2122 3763 2128 3772 ,

341 3783 498 3867 fuerint
518 3788 606 3870 sive
627 3813 760 3898 prope
775 3789 843 3871 vel
858 3797 1019 3871 remote
1040 3785 1314 3868 construendi
1333 3783 1575 3868 molendina
1591 3795 1635 3866 et
1648 3788 1836 3894 piscinas
1857 3786 2012 3870 liberas

266 3986 269 3992 .
344 3900 533 3992 sb'omni
569 3905 785 3989 solucione
820 3908 910 3989 iure
948 3905 1201 3988 hereditario
1237 3906 1537 4014 inperpetuum
1571 3905 1852 4014 possidendas
1874 3913 1918 3985 et
1937 3906 2015 3988 ha-

300 4015 305 4024 '
341 4019 519 4103 bendas.
578 4021 746 4106 Causas
767 4049 942 4135 quoque
962 4026 1079 4106 leves
1102 4033 1145 4104 at
1165 4021 1320 4104 arduas
1343 4024 1580 4105 adnotatus
1602 4049 1700 4105 cum
1722 4023 1809 4104 suis
1831 4025 2012 4132 posteris

248 4173 250 4178 ·
342 4140 533 4220 iudicare
568 4141 739 4222 habeat.
773 4141 886 4254 Reos
919 4142 1103 4223 criminis
1138 4149 1181 4223 et
1209 4141 1425 4224 maleficos
1464 4142 1539 4252 qui
1542 4141 1778 4230 inciuitate
1801 4150 1876 4221 aut
1898 4149 2016 4222 extre

264 4333 269 4344 ,
344 4253 607 4339 Ciuitatem
596 4287 640 4340 ιιι
659 4260 867 4343 territorio
902 4261 1036 4369 ipsius
1067 4269 1223 4369 reperti
1193 4257 1410 4340 tifirerint
1430 4259 1498 4342 vel
1517 4287 1594 4368 per
1615 4281 1918 4370 quemcunque
1941 4259 2023 4340 de,
2085 4337 2088 4352 ,

342 4362 539 4482 prehensi
559 4403 636 4484 pro
659 4377 876 4487 qualitate
886 4379 1109 4461 noxietatis
1132 4387 1175 4458 et
1195 4379 1318 4486 culpe
1340 4375 1490 4460 debita
1508 4403 1622 4485 pena
1642 4374 1871 4486 puniendo
1904 4375 2012 4458 Item

253 4573 256 4580 .
344 4493 494 4574 (lamus
517 4504 561 4574 et
581 4497 855 4578 concedimus
893 4478 1058 4578 ciuibus
1094 4499 1248 4579 nostris
1270 4495 1555 4604 supradietis
1544 4523 1588 4574 ln
1610 4495 1782 4575 ciuitate
1808 4515 1887 4572 sua
1907 4493 2015 4576 iudi·
2107 4551 2110 4556 -

238 4662 242 4670 -
344 4611 456 4692 cium
493 4625 638 4722 pugne
674 4615 742 4696 vel
779 4613 904 4696 duelli
940 4595 1189 4698 occurrente
1224 4615 1479 4695 necessitate
1515 4611 1584 4694 vel
1620 4611 1719 4692 dum
1750 4633 1858 4718 opus
1890 4609 2017 4697 firerit

343 4730 529 4810 exerceri
546 4739 590 4811 et
602 4731 764 4815 habere
785 4732 915 4815 libere
937 4733 1040 4814 nihil
1059 4729 1214 4816 honum
1230 4729 1403 4846 propter
1424 4739 1609 4814 nostram
1631 4725 1887 4812 absentiam
1893 4729 2015 4816 diffe-

340 4855 498 4928 rentes
560 4847 669 4932 Item
700 4851 896 4976 volumus
929 4851 1047 4960 quod
1078 4849 1206 4960 Ciues
1228 4861 1372 4933 nostre
1392 4849 1578 4930 ciuitatis
1601 4845 1823 4958 prehabite
1846 4847 2014 4932 Sando-
2132 4853 2137 4862 ’

435 4979 492 5018 τοι»
494 4979 576 5020 ··1¹1
675 4995 680 4998 ·
1869 4981 1910 5044 re
2024 5005 2027 5014 ·
