4856 5932
1125 707 1398 782 -462-

434 914 661 999 bimiriensi
685 919 727 994 et
746 916 881 996 sancti
902 909 1083 998 sfloriani
1113 913 1155 992 in
1194 905 1355 1022 Clepars
1386 909 1587 1022 prepositi
1610 909 1751 1021 Regni
1772 909 1965 1020 poolonie
1987 907 2084 1018 (sic)

294 1025 297 1034 ¹
437 1030 781 1140 vicecancellarij.
1420 1067 1423 1072 ,

535 1255 587 1342 G.
609 1253 989 1338 Vicecancellarius
1011 1254 1280 1364 subscripsit.

1079 1593 1080 1596 w
1113 1491 1283 1576 Relaoio
1307 1489 1496 1573 eiusdem
1526 1490 1792 1594 Venerabilis
1815 1487 2009 1601 Gregorij
2031 1488 2086 1570 de

1043 1610 1345 1786 flrrdbrcncz
1366 1609 1507 1720 Regni
1527 1609 1698 1696 Polonic
1729 1606 2084 1716 Vicecancellarij.

1155 2103 1383 2222 ooxrn.
1415 2263 1417 2268 ψ

710 2361 1181 2458 cracoviae-dte
1206 2359 1245 2446 6
1272 2361 1433 2442 arente·
1458 2358 1602 2445 1489
1625 2381 1788 2446 anno.

286 2630 290 2639 ·
433 2605 571 2678 nicolaos
587 2601 624 2674 io
640 2601 858 2674 Santonica,
874 2602 945 2690 port
958 2615 1033 2671 aros
1047 2599 1307 2686 nrorirnorton,
1329 2571 1434 2673 toton
1457 2600 1525 2692 rjus
1547 2601 1637 2674 fratri
1650 2599 1822 2672 tinctoris
1837 2599 2039 2689 sarapion
2054 2599 2088 2669 ot

587 2705 690 2794 nepoti
710 2703 818 2789 reicit
840 2703 928 2796 cnjus
949 2703 1066 2791 parton
1083 2719 1140 2773 rex
1161 2701 1326 2776 casimirus
1343 2704 1374 2774 in
1388 2703 1476 2776 tonis
1490 2703 1556 2775 aris
1581 2705 1705 2772 Korion
1725 2700 1862 2776 nmritit
1877 2706 1890 2782 (
1904 2707 1927 2783 ).

535 2930 774 3014 Karimirus
796 2917 1027 3041 Deigracia
1048 2928 1138 3013 Rex
1160 2921 1329 3013 Polonie
1360 2928 1545 3040 Magnus
1578 2929 1663 3014 dux
1681 2928 1908 3014 Lithvanie
1928 2927 2082 3014 Russie

431 3051 685 3161 Prussieque
711 3039 912 3132 'dominus
944 3055 987 3129 et
1017 3047 1139 3130 heres
1163 3055 1241 3130 etc.
1296 3046 1594 3160 significamus
1635 3057 1780 3133 tenore
1818 3052 2082 3158 presencium
2202 3133 2207 3144 ,

434 3168 588 3280 quibus
612 3167 780 3280 expedit
800 3165 1016 3250 Vniuersis
1039 3162 1261 3266 Quomodo
1286 3178 1579 3277 comparentes
1602 3195 1744 3252 coram
1764 3166 1984 3252 Maiestate
2004 3195 2082 3252 no·

433 3297 521 3370 stra
543 3285 746 3373 Generosi
767 3297 810 3368 et
828 3282 1004 3398 Nobiies
1038 3283 1240 3370 Nicolaus
1277 3285 1493 3397 Synoroycz
1530 3287 1582 3370 de
1605 3285 1875 3370 Saondorot'cze
1892 3285 1946 3400 (²)
1976 3285 2085 3370 Bur-

431 3405 608 3518 grabius
632 3405 771 3490 Oastri
790 3405 922 3488 nostri
943 3403 1238 3489 Oracouiensis
1261 3416 1303 3488 et
1324 3404 1582 3516 Capitaneus
1605 3405 1913 3490 Thancinensis
1935 3435 1987 3490 ex
2001 3435 2086 3490 vna

434 3527 633 3610 Nicotaus
656 3521 996 3636 de'Sancz'pnijew
1019 3520 1073 3638 (³)
1095 3532 1239 3607 noster
1260 3523 1401 3610 Castri
1421 3527 1554 3610 nostri
1582 3524 1878 3610 Oracouiensis
1898 3525 2085 3639 Burgra-

432 3645 527 3727 bius
552 3654 593 3725 et
615 3643 803 3731 Thomas
825 3639 1085 3751 Basztowsty
1121 3670 1264 3752 nepos·
1290 3646 1376 3726 eins
1400 3643 1454 3728 ab
1477 3643 1610 3728 altera
1629 3645 1835 3754 partibus,
1872 3643 2000 3728 talem
2019 3646 2083 3728 in-

431 3775 495 3847 ter
516 3791 656 3871 seper
677 3763 860 3845 medium
882 3760 1222 3846 Oonsiliariorum
1243 3775 1490 3868 nostrorum,
1512 3764 1735 3849 occasione
1758 3763 1867 3848 dotis
1899 3773 1940 3846 et
1962 3765 2083 3846 dota·

430 3882 512 3992 licij
533 3879 695 3965 Nobilis
717 3881 838 3965 Anne
860 3909 1060 3992 germane
1099 3882 1200 3964 dicti
1229 3883 1394 3968 Nicolai
1431 3881 1773 3996 Soncypnpewsty
1810 3893 1853 3965 et
1886 3881 2079 3993 coniugis

433 4001 595 4087 Nicolai
619 3999 832 4108 Syooroyoz
850 4001 1134 4109 predictorum
1171 4003 1321 4086 sterilis
1336 4009 1386 4104 ct
1407 4002 1498 4084 sine
1526 4003 1642 4111 prole
1679 4001 1895 4087 deffuncte
1929 3997 2081 4084 iecisse

539 4257 577 4337 (¹)
601 4251 818 4348 Archetypon
834 4249 1072 4330 Stanietocnsis
1087 4252 1275 4316 monasterii
1304 4253 1482 4338 proprium.
1506 4253 1666 4320 Taeniola
1690 4275 1901 4342 pnrgamena,
1917 4253 2024 4320 minna
2039 4255 2084 4320 si·

437 4340 547 4490 {illurn
562 4339 652 4405 rubri
667 4335 787 4404 colons
802 4335 836 4400 in
847 4355 925 4401 cera
941 4334 1069 4422 vulgari
1083 4334 1231 4409 incisum,
1240 4357 1417 4424 appensum
1429 4348 1490 4404 eat:
1512 4350 1737 4426 repraesentat
1748 4350 1876 4406 acutum
1890 4339 1924 4404 in
1944 4347 2085 4422 quatuor

459 4427 710 4510 inrumpentes,
726 4421 761 4486 in
776 4419 894 4506 quibus
919 4420 1060 4486 invicem
1088 4419 1252 4500 videntur,
1282 4431 1316 4488 et
1345 4423 1455 4506 aquila
1480 4423 1682 4491 Polonorum
1697 4435 1730 4491 et
1744 4424 1872 4510 insigne
1887 4423 2081 4492 Lithnaniae

436 4509 597 4595 „Pogon”
613 4505 915 4594 vernaculalingua
930 4505 1139 4594 appellatum.
1187 4507 1225 4574 In
1256 4507 1379 4574 ambitu
1407 4509 1592 4596 inscriptio:
1614 4507 1650 4574 S.
1669 4510 1823 4576 Kozimiri
1838 4511 1887 4576 dri
1897 4513 2083 4597 pterim...

436 4595 589 4661 titlrnonie.
633 4593 854 4680 Descripsita
879 4591 1049 4680 ographon
1065 4589 1249 4660 Slawiriski.

536 4678 579 4761 (²)
599 4679 753 4746 Fortasse
770 4615 971 4757 Sardiniae,
986 4677 1064 4743 villa
1077 4663 1315 4747 Zalectoor'anis
1323 4678 1467 4765 regionis
1482 4689 1517 4744 et
1530 4677 1748 4746 Lukoviensis
1763 4676 1862 4744 hodie
1873 4679 2031 4762 territorii
2048 4679 2080 4744 in

436 4761 625 4829 Lnblinensi
640 4763 821 4849 provincia.

541 4847 578 4926 (θ)
603 4847 812 4935 Sancyqoiom
828 4846 905 4913 villa
921 4847 1204 4917 Szkelbmirisnsis
1220 4849 1361 4935 regionis
1377 4850 1411 4916 in
1427 4851 1640 4919 Cracoriensi
1652 4849 1833 4936 provincia
