4890 5924
1144 641 1540 776 Lon-¹

448 903 894 1005 fieri'consueverunt‚
916 927 1047 984 unum
1066 899 1244 988 Sculteti
1263 914 1307 988 et
1323 906 1407 990 duo
1425 904 1687 991 Kmethones
1705 911 1861 996 nuncio
1878 923 2021 1001 nostro
2039 921 2119 1002 mi-
2193 984 2198 993 .

448 1023 704 1123 nistrabunt,
726 1019 796 1102 vsl
816 1045 892 1127 pro
915 1017 1106 1130 quolibet
1124 1023 1301 1130 prandio
1322 1049 1398 1133 per
1420 1030 1516 1106 octo
1537 1035 1679 1108 scotos
1703 1027 1880 1113 solvent.
1910 1031 1961 1116 In
1977 1039 2119 1118 causis

450 1151 593 1224 autern
629 1135 916 1220 criminalibus
955 1135 1284 1252 quibuscunque
1306 1141 1474 1251 magnis
1505 1141 1571 1223 vel
1592 1145 1756 1249 parvis,
1789 1143 1993 1233 Scultetis
2014 1152 2120 1234 iam-

448 1259 560 1340 diote
596 1254 693 1338 ville
729 1252 986 1368 Judieandi,
1024 1256 1369 1366 condempnandi
1402 1268 1445 1340 et
1473 1259 1676 1368 puniendi
1705 1263 1826 1345 iuxta
1859 1265 2000 1372 ipsum
2036 1267 2118 1352 Jus

447 1373 741 1486 theutonicum
778 1373 928 1456 damus
965 1375 1249 1456 omnimodam
1281 1374 1542 1459 facultatem.
1604 1375 1655 1460 In
1686 1380 1806 1462 ouius
1837 1382 1898 1464 rei
1927 1385 2120 1470 testimo·-

367 1531 375 1548 ·
446 1493 563 1575 nium
584 1498 774 1574 nostrum
795 1489 978 1602 sigillum
999 1487 1269 1601 presentibus
1292 1495 1486 1576 duximus
1509 1494 1848 1604 appendendum.
1881 1497 1999 1583 Data
2019 1499 2122 1584 Cra.

448 1608 553 1691 coele
574 1609 618 1690 in
639 1607 784 1717 vigilia
803 1607 921 1691 beati
942 1605 1153 1692 Johannis
1189 1609 1398 1718 Baptiste,
1430 1609 1555 1697 Anno
1587 1611 1742 1696 domini
1764 1613 1820 1698 M.
1843 1613 1972 1699 000.
1996 1614 2117 1716 Qus-

390 1733 392 1738 ’
447 1727 690 1837 dragesimo
720 1733 893 1816 ,octavo
945 1725 1221 1809 Prosentibus
1242 1729 1323 1836 hys
1345 1727 1540 1828 testibus:
1577 1729 1829 1816 Wilosakone
1864 1732 2112 1824 Castellum

448 1843 796 1942 Sandomiriensi‚
831 1841 1077 1926 Hermanno
1113 1854 1408 1953 procuratore,
1444 1845 1640 1933 Floriano
1672 1847 1934 1936 Oanoellerio
1956 1851 2115 1934 Lanci-

447 1962 598 2064 ciensi,
619 1961 744 2045 Petro
766 1957 946 2068 Voyski‚
980 1957 1201 2045 Clemente
1224 1961 1511 2073 usubdapifero
1536 1964 1879 2052 Sandomiriensi.
1939 1969 2117 2055 Nicolso

448 2081 500 2164 de
522 2077 662 2161 Br'bz'cz
680 2077 913 2192 burgrebio
937 2077 991 2160 de
1012 2077 1145 2188 Brycz
1167 2090 1211 2163 et
1231 2073 1326 2189 alijs'
1348 2081 1492 2166 multis
1515 2083 1757 2195 fidediguis.

698 2661 1158 2794 cracoviae-30
1177 2709 1515 2810 septembres
1532 2705 1679 2820 1³48
1700 2733 1866 2796 anno.
2002 2665 2010 2678 ’

446 2929 712 3000 Jolrannes
727 2926 862 2996 lus-n
876 2911 1031 3016 pertun
1046 2871 1299 3000 sudomiriensis
1314 2929 1390 3000 snit
1404 2928 1510 3001 uuam
1522 2901 1661 2999 burana
1677 2931 1897 3004 oneraberis
1910 2931 2117 3026 tunonensi

547 3032 666 3120 etpost
686 3029 921 3127 nortonsusn
941 3028 1047 3100 sillan
1068 3023 1147 3102 horo
1162 3031 1348 3102 monueris
1368 3027 1466 3104 siden
1479 3046 1533 3120 pro
1548 3030 1681 3106 remiis
1699 3033 1819 3104 minse
1841 3031 1938 3145 donst
1952 3037 2005 3115 (1).
2038 3115 2042 3122 ,

549 3236 758 3321 Nouerint
776 3236 960 3320 uniuersi
981 3238 1246 3344 presenciam
1268 3235 1468 3320 noticiam
1490 3237 1678 3322 habituri
1709 3238 1825 3346 quod
1846 3263 1924 3322 nos
1945 3235 2113 3321 Johan·

379 3457 386 3464 ‚
445 3383 521 3440 nes
542 3355 763 3439 Palatinus
786 3351 1138 3440 Sandomirisnsis
1161 3353 1216 3466 (¹)
1249 3358 1426 3438 emimus
1447 3379 1641 3442 mansum
1662 3358 1705 3440 in
1728 3355 1880 3440 Ostrow
1901 3354 2002 3440 villa
2021 3355 2113 3440 Mo·

432 3473 618 3559 'nielium
641 3473 693 3557 de
717 3469 957 3554 Stannolnls
980 3467 1032 3554 ds
1054 3497 1266 3558 consensu
1296 3474 1482 3558 omnium
1512 3499 1704 3562 sororum
1735 3473 1925 3572 eiusdem
1965 3471 2113 3558 Mona-

445 3593 559 3702 sterij
580 3617 657 3700 pro
678 3616 833 3676 nouem
862 3590 1017 3675 Marcis
1050 3593 1295 3703 grossorum
1326 3592 1534 3678 currentis
1563 3601 1735 3678 monete
1767 3615 1896 3700 quem
1916 3591 2114 3678 videlieet

443 3737 637 3795 mansum
657 3717 804 3792 tenere
827 3707 1032 3793 debemus
1055 3711 1112 3794 a'd
1133 3719 1325 3820 tempora
1345 3711 1431 3794 vite
1454 3719 1608 3794 nostre.
1631 3717 1730 3819 post
1748 3711 1988 3818 ingressum
2009 3735 2110 3794 vero

445 3831 558 3913 viam
577 3827 772 3910 rniuerse
792 3830 932 3912 carnis
952 3831 1039 3912 vite
1058 3837 1202 3913 nostre
1234 3827 1394 3912 dictum
1424 3855 1621 3912 mansum
1650 3854 1749 3910 oum
1783 3823 1978 3912 omnibus
1994 3823 2111 3916 vrili-

549 4059 592 4139 (1.)
616 4055 791 4127 Slswiriski
817 4058 928 4124 deseri
970 4060 996 4124 it
1012 4079 1053 4124 ex
1067 4058 1177 4126 tabnls
1204 4081 1405 4146 pergameno
1429 4059 1465 4124 irr
1483 4057 1703 4146 Steniqto'ensi
1731 4055 1909 4124 strrlario
1932 4065 2114 4124 asservata
2163 4133 2168 4142 ἱ

443 4143 615 4230 Reliquiae
631 4151 757 4209 tentum
774 4151 850 4206 sunt
866 4143 929 4228 sigi
957 4143 963 4156 '
980 4143 1015 4208 in
1030 4143 1085 4209 filo
1102 4167 1162 4230 par
1188 4165 1313 4209 ameno.

520 4297 524 4302 ,
548 4229 591 4310 (²)
614 4227 714 4294 Certe
730 4226 901 4293 lohannes
911 4227 1143 4310 'JuralSkora)
1181 4240 1278 4310 retus,
1294 4227 1349 4312 qni
1364 4237 1400 4293 nt
1415 4251 1515 4313 supra
1530 4227 1683 4303 diximus,
1698 4224 1794 4291 ermis
1809 4223 1979 4289 roso-m
1993 4221 2114 4289 subos-

443 4313 603 4381 meren'us
634 4312 868 4381 cracoviensis
884 4313 982 4378 erat'
1002 4313 1172 4398 Palatinus
1195 4311 1475 4380 Sardemiriensis
1489 4313 1518 4380 is
1533 4311 1706 4380 lohannes
1734 4309 1905 4396 legiturin
1934 4307 2114 4392 „Dodetsk

444 4399 672 4547 ἓγςοάηἰονγ,
691 4399 787 4480 1852,
799 4396 852 4466 ΝΟ.
865 4396 939 4478 21‚”
952 4389 1059 4466 sub'a
1074 4400 1165 4464 1350.
1187 4396 1279 4466 Nuno
1297 4398 1419 4466 seimus
1434 4397 1522 4462 illurn
1537 4395 1718 4482 palatinum
1734 4417 1763 4460 n.
1777 4395 1857 4460 1348
1870 4391 1985 4460 fuisse.
2010 4386 2112 4457 Prae·

469 4506 605 4550 ecessor
621 4507 692 4572 eJus
708 4481 858 4550 Neherze
871 4481 1035 4568 palatinus
1052 4481 1331 4553 Sandomiriensis
1362 4485 1474 4566 (quem
1489 4479 1577 4566 apud
1591 4477 1811 4546 Niesieocium
1833 4476 1956 4543 frustra
1971 4494 2111 4560 quaeres
2231 4511 2240 4526 ·

444 4566 552 4633 leesor
568 4567 746 4652 benevole)
757 4561 843 4634 'vixit
858 4589 971 4634 mense
997 4566 1176 4636 Novembri
1192 4561 1383 4634 1346211110.
1420 4566 1508 4632 Huic
1538 4563 1626 4630 haud
1642 4563 1754 4632 dub'io
1764 4571 1880 4636 noster
1893 4559 2064 4630 lohannes
2077 4559 2115 4627 in

447 4651 559 4716 officio
590 4655 765 4737 suecessit,
795 4663 829 4720 et
854 4652 1020 4720 nonOtto
1038 4653 1079 4719 de
1096 4653 1198 4734 Piloa,
1225 4652 1271 4717 uti
1295 4650 1463 4719 Niesieoki
1487 4649 1521 4714 in
1546 4647 1712 4717 indicibus
1738 4671 1770 4712 m
1816 4648 1987 4713 'stratuum
2011 4641 2113 4709 Polo·
2250 4687 2255 4694 -

340 4809 348 4822 ι
445 4735 519 4799 niae
533 4734 643 4818 habet,
658 4761 731 4804 nem
746 4737 961 4822 sequentibus
991 4737 1085 4804 annis
1116 4748 1149 4804 et
1175 4737 1304 4803 scilicet
1328 4739 1395 4822 jam
1425 4736 1576 4820 primum,
1601 4753 1631 4798 a.
1649 4733 1731 4798 1352
1753 4734 1800 4799 Pe
1840 4753 1891 4795 nm
1905 4725 2118 4811 (Fuloonem)

446 4817 722 4886 subcamerarium
738 4822 1004 4904 cracoviensem,
1022 4843 1251 4888 successorem
1262 4819 1437 4902 lobannis,
1452 4820 1487 4916 in
1503 4815 1633 4888 Codice
1645 4827 1763 4884 nosue
1776 4817 1925 4904 legonus
