4856 5932
1063 687 1424 798 -asos

371 898 508 982 dictas
528 905 788 978 transumere
811 888 908 1006 (sic)
930 901 974 974 et
994 890 1099 976 alias
1119 892 1278 979 talibus
1298 889 1425 978 modo
1447 903 1491 978 ot
1509 890 1645 980 forma
1666 893 1889 1004 disponere
1906 897 2025 1006 quod
2147 972 2150 982 ,

370 1017 430 1100 eis
451 1019 499 1100 in»
516 1013 546 1100 J
549 1013 699 1124 udicijs
723 1022 766 1096 et
786 1019 905 1096 extra
924 1019 1072 1120 posset
1090 1010 1198 1096 fides
1219 1012 1406 1127 plenaria
1429 1009 1622 1100 adhiberi
1650 1013 1715 1100 Ne
1739 1043 1790 1098 ex
1811 1013 2026 1128 frequenti

368 1137 559 1220 mocio'ne
580 1143 657 1217 aut
676 1131 966 1218 ostentaoione
986 1131 1217 1216 litterarum
1238 1132 1479 1219 huiusmodi
1499 1131 1567 1216 uel
1588 1132 1847 1246 originaliter
1865 1137 2025 1246 produ-

365 1257 612 1356 cendorum,
648 1279 829 1365 quarum
863 1277 938 1359 per
956 1249 1052 1336 loca
1088 1250 1378 1338 discriminosa
1396 1254 1441 1338 in
1462 1251 1748 1340 defensionem
1783 1251 2024 1346 libertebrm

325 1455 331 1464 .
367 1385 411 1462 et
430 1375 600 1460 durium
619 1375 664 1456 in
685 1371 844 1456 eisdem
881 1369 1188 1480 descriptarum
1223 1372 1550 1482 produocionam
1586 1371 1855 1485 frequencius
1892 1376 2024 1486 exigit

364 1496 598 1580 necessitas
619 1498 870 1602 opportuna,
890 1488 1073 1574 lesuram
1093 1491 1138 1574 in
1154 1489 1297 1602 aliqua
1311 1493 1375 1574 sui
1392 1501 1512 1604 parte
1530 1493 1766 1602 suscipiant
1781 1493 2020 1605 aliqualem.
2069 1498 2070 1502 '

366 1613 557 1717 Quarum
580 1612 753 1722 quidem
770 1609 1003 1692 litterarum
1025 1609 1353 1719 apostolicarum
1383 1623 1503 1701 tenor
1539 1614 1733 1722 sequitur
1769 1622 1811 1696 et
1833 1623 1897 1698 est
1911 1614 2020 1698 talis.

472 1729 910 1819 1253.1nn000n0ius
949 1731 1173 1839 episeopus
1217 1757 1366 1816 seruus
1384 1760 1620 1818 'seruorum
1661 1733 1729 1818 dei
1763 1732 1905 1820 Dilect
1902 1734 1942 1816 is
1978 1735 2020 1816 in

363 1855 533 1941 Christo
568 1849 737 1936 filiabus
773 1846 1001 1934 Abbatisse
1037 1847 1206 1934 Mouast
1188 1850 1280 1959 teriJ
1270 1849 1355 1932 de
1378 1849 1643 1934 Stanetecb
1607 1877 1784 1960 crusque
1804 1852 2019 1940 sororibus

361 1987 451 2060 tam
470 1969 737 2086 presentibus
760 1995 890 2081 quam
905 1967 1056 2052 futuris
1071 1878 1314 2081 regulachm
1334 1969 1466 2056 vitam
1481 1968 1682 2080 professis
1704 1970 1754 2056 In
1768 1982 2019 2082 perpetuam

362 2093 620 2178 memoriam.
653 2087 972 2202 Religiosam
931 2095 993 2170 ιιι
995 2116 1063 2172 am
1083 2085 1337 2200 eligentibus
1358 2090 1640 2230 apostolicum
1672 2093 1872 2178 conuenit
1895 2093 2020 2176 ades-

220 2257 235 2287 .
359 2241 407 2298 aa
427 2211 657 2324 presidium
678 2237 731 2296 ue
750 2207 859 2292 forte
881 2205 1106 2293 cuiuslibet
1124 2209 1421 2294 temeritatis
1409 2236 1602 2296 meursus
1624 2219 1700 2294 aut
1721 2238 1794 2296 aas
1815 2239 1842 2294 a
1862 2239 2018 2321 propo

360 2335 442 2418 sito
463 2339 638 2416 reuocet
657 2338 732 2413 aut
744 2325 874 2416 robur
897 2312 1015 2435 quod
1035 2325 1147 2411 absit
1167 2355 1289 2414 sacre
1322 2329 1538 2440 religionis
1575 2337 1747 2414 eneruet
1781 2330 2018 2442 Eaproptcr
2061 2415 2065 2426 ,

360 2451 559 2536 dilecte'
548 2481 593 2534 m
635 2446 805 2534 Christo
832 2446 915 2532 filie
954 2447 1107 2530 uestris
1143 2448 1265 2534 iustis
1299 2449 1660 2558 postulacionibus
1692 2448 1920 2536 clementer
1940 2479 2015 2534 an-

356 2573 524 2656 nuimus
567 2579 609 2652 et
591 2565 950 2652 tMonasterium
988 2565 1040 2646 de
1070 2564 1278 2650 araneam
1313 2562 1611 2654 Oracouiensis
1648 2569 1874 2679 dyocesis
1863 2598 1908 2650 m
1929 2597 2016 2679 quo

359 2691 503 2774 diuino
526 2690 626 2774 estis
648 2688 857 2798 obsequio
878 2685 1120 2795 mancipate
1141 2685 1222 2773 sub
1241 2685 1359 2776 beati
1378 2688 1495 2774 Petri
1516 2698 1558 2772 at
1577 2697 1723 2776 nostra
1741 2689 2014 2801 proteccione

355 2809 610 2918 suscipimus
635 2817 677 2892 et
696 2805 905 2920 presentis
927 2805 1075 2915 scripti
1094 2807 1314 2920 priuilegio
1338 2809 1643 2894 communimus
1665 2808 1860 2918 Inprimis
1882 2809 2015 2915 siqui-

356 2929 452 3012 dem
472 2936 710 3014 statuentes
730 2935 782 3010 ut
799 2925 901 3011 ordo
922 2925 1182 3012 Monosticus
1205 2930 1280 3038 qui
1300 2927 1536 3023 secundum
1572 2927 1771 3014 deuotam
1792 2928 1910 3014 boati
1929 2925 2014 3012 Ba-

352 3049 512 3132 nedicti
533 3047 745 3160 Regulam
766 3048 811 3132 in
831 3044 980 3130 eodem
1001 3045 1258 3134 Monasterio
1289 3047 1506 3132 instimtus
1545 3073 1640 3132 esse
1662 3048 1896 3134 dinoscitur
1916 3077 2013 3159 per·

351 3169 491 3278 patuis
512 3168 670 3254 ibidem
693 3165 954 3276 temporibus
975 3165 1268 3252 inuiolabiliter
1289 3167 1538 3254 obseruatur
1557 3165 1759 3255 Preterea
1781 3193 2013 3278 quascum-

352 3312 438 3398 que
458 3288 748 3398 possessiones
771 3311 1044 3396 quecumque
1078 3284 1193 3370 bona
1226 3287 1340 3372 idam
1375 3285 1677 3372 Monasterium
1712 3289 2013 3398 impresancia-

348 3431 443 3488 rum
462 3408 574 3490 iuste
596 3433 649 3488 ac
670 3403 875 3488 canonice
897 3403 1090 3512 possidet
1110 3415 1185 3488 aut
1200 3405 1437 3496 infuturum
1460 3409 1733 3492 concessione
1761 3405 2011 3544 pontificum

346 3523 578 3635 largicione
599 3523 770 3637 Regum
790 3522 860 3604 uel
879 3522 1121 3630 Principum
1143 3523 1365 3612 oblacione
1386 3525 1573 3612 fidelium
1594 3554 1673 3612 scu
1694 3525 1764 3634 alij
1782 3523 1903 3610 iustis
1919 3551 2010 3610 mo·
2080 3583 2082 3590 ι

349 3643 414 3728 dis
435 3644 668 3756 proficente
690 3638 788 3759 (sic)
812 3642 980 3728 domino
1000 3643 1157 3768 poterit
1173 3645 1349 3755 adipisci
1366 3645 1487 3728 firma
1502 3643 1626 3729 uobis
1643 3653 1687 3730 ct
1701 3647 1762 3728 eis
1780 3669 1865 3754 quc
1884 3639 2009 3730 uobis

347 3765 611 3848 successerint
638 3774 683 3848 et
710 3761 872 3848 illibata
891 3745 1171 3870 permancant
1205 3762 1255 3847 In
1287 3763 1444 3872 quibus
1479 3763 1559 3846 hec
1596 3764 1774 3875 proprijs
1811 3762 2008 3848 duximus

347 3884 620 3993 exprimenda
640 3881 864 3968 vocabulis
885 3881 1059 3966 locum
1046 3910 1185 3991 rpsum
1207 3885 1251 3966 in
1274 3911 1359 3994 quo
1380 3881 1592 3991 prefatum
1613 3881 1917 3987 Monasterium
1940 3891 2006 3966 est

345 4031 443 4087 eum
464 4003 659 4089 omnibus
682 4001 953 4114 pertinencijs
974 4003 1076 4105 suis,
1098 3999 1239 4090 villam
1263 4031 1349 4114 que
1369 4000 1499 4114 vulgo
1523 4002 1625 4089 dicit
1608 4013 1677 4088 tur
1698 4001 1887 4116 chenka
1908 4029 2007 4084 cum
2114 4015 2117 4022 '

342 4119 462 4206 fonte
496 4123 595 4206 salis
625 4130 668 4206 et
687 4120 883 4208 omnibus
920 4121 1188 4230 pertinencijs
1225 4124 1312 4208 suis
1349 4119 1502 4208 Villam
1538 4121 1753 4209 Bruanicin
1772 4123 2006 4233 vulgariter

341 4252 631 4350 nuncupatam
655 4269 752 4324 cum
773 4240 955 4324 ecclesia
989 4251 1032 4322 et
1062 4241 1257 4327 omnibus
1294 4252 1390 4356 pert
1391 4241 1566 4382 incncijs
1598 4242 1698 4344 suis,
1734 4239 1890 4324 Villam
1919 4267 2004 4350 que

339 4368 518 4444 vocatur
537 4356 756 4442 Podlarcta
777 4361 795 4473 (
801 4359 831 4469 )
850 4387 946 4442 oum
963 4361 1155 4446 omnibus
1171 4389 1247 4469 ppr
1250 4362 1442 4472 tincncijs
1464 4363 1550 4443 suis
1572 4359 1702 4444 Villas
1724 4357 1880 4443 Zaoren
1900 4360 2002 4442 Tro-

335 4505 445 4590 proso
479 4461 749 4588 Premnuzonp
788 4477 942 4628 Ostroro
982 4475 1148 4561 Clemtoo
1185 4479 1240 4592 (3)
1284 4478 1476 4564 Smoliozf
1506 4477 1629 4562 Zntor
1667 4475 1908 4588 Gradioayce
1945 4475 2000 4590 (⁴)

443 4697 484 4780 (Ἴ
513 4693 652 4776 Ρθᾶἶιθθ·
699 4696 958 4776 (³2¹)Ktmeutou.

444 4782 579 4865 JrJIna
561 4780 697 4880 sintquo
728 4777 904 4847 Oswiecim
861 4781 977 4848 imensi
1006 4789 1038 4844 et
1060 4781 1106 4844 Za
1107 4781 1215 4845 torino
1217 4780 1395 4848 siducatu
1422 4779 1500 4844 villa
1530 4777 1719 4869 διώνυμοι
1747 4779 1835 4867 apud
1864 4775 1999 4848 fluvium

340 4868 525 4936 s'kswam
516 4865 690 4946 rnrenitur·
682 4867 847 4931 ·fortasse
864 4864 903 4930 de
918 4864 973 4930 illa
988 4864 1051 4930 huc
1067 4864 1200 4931 mentio.
