4930 5922
998 773 1042 794 ·-
1101 737 1177 810 inu·
1227 777 1270 796 -

902 1143 1333 1272 '·exviu.·

550 1343 553 1352 Ι
593 1349 1735 1520 '.saoaecrapc-4n1ait1mamc.''³.

323 1597 577 1702 muscus
594 1565 796 1716 010000
815 1627 944 1702 lauru
956 1625 1305 1720 marsupiorum
1320 1645 1425 1717 uun,
1444 1629 1641 1706 0001010010
1657 1629 1955 1724 0110300000σο

406 1747 471 1806 un
485 1730 610 1806 stiriis
623 1731 658 1801 ei
669 1729 840 1806 aarum
853 1728 1059 1802 vintoniensis
1074 1730 1240 1832 ramat,
1253 1729 1394 1822 episeopo
1407 1731 1597 1806 aramius
1610 1732 1799 1826 approberis
1814 1736 1868 1818 (¹).

365 2003 369 2012 .
407 1931 629 2019 Jehaunes
651 1935 733 2020 Dei
757 1935 904 2045 gracia
924 1935 1164 2046 Episcopus
1188 1933 1483 2048 Oracovicnsis
1506 1936 1573 2054 (²),
1595 1937 1802 2022 universis
1825 1949 1868 2022 et
1888 1943 1972 2028 sin-

193 2098 196 2106 «
304 2053 432 2166 gulis,
464 2065 552 2136 tam
570 2053 854 2162 ‚presentibus
878 2083 1006 2164 quam
1029 2055 1177 2139 hitruis
1200 2057 1376 2138 salutem
1399 2057 1442 2136 in
1465 2057 1633 2140 domino
1664 2059 1974 2165 sempiternam,

305 2186 347 2256 et
366 2174 566 2254 noticiam
589 2171 937 2284 subscriptorum.
971 2169 1034 2254 Ne
1060 2203 1128 2273 ea,
1151 2201 1235 2284 que
1256 2173 1424 2284 puplice
1443 2173 1539 2286 (sic)
1563 2177 1974 2284 000010010οο0-

303 2289 447 2400 pulum
484 2285 668 2372 recidive
707 2291 941 2401 questionis
978 2293 1144 2373 malicia
1181 2317 1257 2374 seu
1296 2291 1389 2374 dolo
1438 2294 1674 2400 cuiuspiam
1717 2292 1975 2396 relabantur,

305 2410 490 2492 assolent
519 2409 1002 2528 0001010001000100010
1045 2411 1214 2518 apicum
1246 2411 1512 2516 perhennari.
1564 2409 1746 2492 Proinde
1769 2421 1856 2492 iam
1876 2439 1974 2518 pre-

197 2587 201 2603 .
276 2541 279 2550 “
305 2555 402 2610 0000
426 2539 516 2609 etas
540 2530 707 2611 noverit
728 2525 855 2638 quam
879 2523 1039 2630 futura,
1072 2527 1188 2638 quod
1210 2537 1411 2609 vertente
1426 2555 1559 2610 causa
1580 2539 1622 2608 ei
1640 2527 1712 2610 lite
1735 2555 1862 2638 super
1884 2531 1999 2640 iure,
2037 2527 2040 2536 ’

305 2658 554 2756 patronatus
579 2658 621 2728 ei
639 2645 972 2756 presentacionis
997 2647 1174 2730 ecclesie
1198 2658 1345 2746 sancta
1368 2642 1499 2729 Maris
1524 2647 1575 2728 de
1597 2645 1699 2728 villa'
1719 2641 1843 2750 Ciris,
1865 2649 1974 2730 inter

304 2765 572 2848 honorabiles
608 2767 746 2848 viros..
785 2763 988 2845 abbatem
1020 2775 1064 2846 et
1094 2789 1216 2844 suum
1249 2777 1505 2847 conventum
1542 2765 1788 2874 monasterii
1826 2767 1976 2855 domus

306 2883 551 2985 Oiricensis,
584 2883 739 2968 ordinis
772 2881 1114 2966 Oisterciensium
1137 2909 1189 2964 ex
1209 2909 1295 2964 una
1315 2891 1453 2990 parte,
1477 2893 1521 2964 et
1539 2883 1769 2966 Ratoldum
1801 2883 1974 2968 militem

304 3001 433 3084 filium
457 3002 609 3086 nobilis
630 3003 707 3086 viri
729 2999 938 3084 lobannis
977 3001 1079 3091 dicti
1099 2997 1209 3102 Zila,
1233 3027 1283 3082 ex
1304 3001 1460 3106 altera3
1491 3001 1665 3084 tandem
1689 3003 1742 3082 de
1765 3029 1975 3086 consensu
2083 3001 2091 3014 ‘

307 3123 518 3206 communi
541 3119 585 3202 et
603 3119 819 3204 voluntate
840 3119 1244 3228 parcium,decreto
1267 3122 1375 3200 scire
1396 3129 1538 3204 nostro
1562 3119 1680 3230 (sic),
1702 3121 1976 3228 compromis-

307 3269 402 3322 sum
422 3239 582 3324 exstitit
600 3241 643 3320 in
667 3235 856 3325 dominos
878 3237 1157 3324 honorabiles:
1190 3237 1445 3348 Magistrum
1467 3238 1666 3322 videlicet
1700 3237 1997 3320 Franciscum.

310 3357 832 3460 Cancellariumccclesie,
854 3355 1125 3466 Regboldum
1149 3353 1227 3468 (??)
1266 3355 1625 3466 archydiaconum
1662 3347 1977 3440 Sandomirien·
2032 3345 2037 3352 ’

208 3577 212 3586 Ι
307 3503 398 3560 sem
417 3475 656 3558 Canonicos
669 3473 1005 3558 Craccovienses
1024 3483 1066 3556 et
1085 3469 1312 3557 Sdeslaum'
1327 3475 1670 3557 archidiaconum
1688 3471 1975 3574 Lubliensem,

308 3597 384 3708 qui
401 3594 555 3678 domini
587 3593 780 3704 partibus
811 3593 1036 3680 terminum
1058 3591 1112 3673 ad
1134 3590 1396 3674 sentenciam
1428 3600 1737 3702 competentem
1759 3591 1976 3701 prefinge-

306 3723 403 3798 runt
424 3709 521 3826 (sic)
545 3709 810 3796 audiendam.
854 3709 967 3796 Infra
988 3709 1212 3825 terminum
1235 3711 1295 3790 sic
1316 3709 1524 3816 prefixum
1544 3715 1786 3818 partesper
1807 3733 1853 3789 se
1874 3709 1974 3790 sim-

306 3833 466 3940 pliciter
488 3842 531 3914 ct
550 3861 655 3942 pure
675 3829 855 3916 veritate
877 3831 1051 3938 cognita
1073 3834 1116 3910 et
1136 3835 1353 3937 comperta
1375 3827 1697 3932 concordarunt,
1720 3855 1850 3940 quam
1873 3853 1975 3912 eon-

308 3951 494 4034 cordiam
536 3949 929 4060 compromissariis,
973 3946 1162 4060 arbitris,
1204 3940 1526 4030 arbitratoribus
1569 3971 1646 4030 seu
1682 3943 1975 4044 amicabilibus

308 4069 680 4180 compositoribus,
715 4096 823 4181 voce
859 4072 958 4156 viva
989 4077 1032 4148 et
1049 4065 1326 4176 personaliter
1359 4065 1602 4175 retulerunt.
1655 4059 1761 4168 Qui,
1797 4076 1977 4179 utraque
2052 4077 2055 4082 '

306 4199 428 4300 pario
464 4185 722 4310 sufficienter
758 4187 921 4297 audita,
956 4175 1100 4294 partes
1123 4183 1179 4267 ad
1200 4191 1387 4268 nostram
1424 4185 1974 4286 audienciam'remise'runtss

412 4449 455 4530 (¹)
476 4447 506 4514 E
519 4446 631 4514 tabula
657 4447 850 4514 monasterii
880 4444 1159 4532 Szczyrzycensis
1189 4444 1327 4529 propria
1341 4442 1521 4528 descripsit
1534 4439 1739 4526 hephowski
1754 4451 1788 4506 ei
1803 4441 1975 4506 nobiscum

308 4531 564 4600 communicavit
577 4531 785 4620 privilegium
799 4532 874 4599 hcc.
913 4529 1005 4600 conf
1021 4533 1089 4614 jorn
1105 4530 1250 4595 citatum:
1268 4527 1438 4613 „Urywck
1454 4525 1662 4612 zpcdrdny,''
1678 4527 1712 4590 iu
1729 4547 1830 4610 opere
1847 4525 1976 4592 Biblio-

306 4617 387 4685 teke
405 4617 520 4683 Warsz
553 4619 637 4683 1850
666 4617 772 4687 miii.
795 4641 873 4705 pag.
890 4619 961 4686 209.
997 4609 1698 4688 RetoldusetBoleslaustesieNicsieccio
1716 4609 1976 4678 fueruntThec·
2097 4627 2112 4642 ·

306 4703 382 4770 deri
408 4702 572 4770 Cedronis
595 4702 732 4788 paletini
757 4701 992 4771 Cracoviensis
1019 4709 1172 4786 nepotes,
1188 4698 1340 4762 filiivero
1367 4693 1509 4762 Joannis
1535 4693 1616 4759 dicti
1641 4681 1855 4781 Zyla(editio
1895 4695 1978 4762 rima
2113 4738 2118 4746 .

309 4788 350 4854 T.
366 4788 410 4867 11,
425 4789 573 4940 0000275
590 4797 624 4854 ei
638 4791 726 4868 eis).
749 4789 801 4854 Dc
818 4788 963 4874 palatino
981 4783 1163 4850 Theodoro
1179 4783 1255 4882 yide
1272 4802 1373 4880 supra
1387 4779 1530 4844 tabulam
1543 4777 1587 4842 ad
1603 4777 1656 4844 N⁰.
1672 4779 1756 4848 xvi
1771 4789 1805 4848 ct
1819 4780 1854 4847 X
1887 4781 1929 4846 11.

412 4875 456 4952 (²)
503 4893 628 4940 000000
644 4873 935 4954 dicius-Maskata,
951 4869 1134 4937 stemmatis
1151 4867 1247 4949 Lrha,
1260 4885 1441 4952 episcopus
1458 4863 1497 4928 ob
1516 4885 1602 4929 0000
1620 4862 1712 4931 1295.

720 4992 724 5011 i
