4930 5922
1127 627 1526 706 -134-,

405 813 408 818 ’
430 836 556 920 Anno
598 831 755 916 domini
794 827 916 914 MOO
938 821 1243 936 octuagesimo
1264 828 1467 910 secimdo.
1499 827 1601 910 Idus
1622 825 1654 910 J
1656 827 1740 910 ulii.
1777 827 2021 912 Indiccions
2040 827 2098 914 X.

314 981 327 989 ‘
372 959 377 966 ’
429 950 708 1037 Pontificatus
731 945 888 1030 domini
907 944 1079 1026 martini
1097 972 1211 1076 pape
1232 945 1294 1028 IV
1315 971 1426 1030 auno
1449 945 1650 1042 secunde.
1787 1007 1790 1018 .
1979 945 1986 960 “
2080 946 2083 957 ’

430 1197 572 1263 Maxime
586 1193 629 1259 de
644 1193 743 1258 rebus
760 1191 898 1259 Silesiae
913 1189 1074 1256 Poloniae
1100 1211 1140 1256 ue
1156 1193 1260 1278 gestis
1278 1192 1414 1256 meritus
1429 1190 1644 1257 doctissimus
1657 1191 1710 1254 vir
1726 1190 1760 1256 S.
1776 1189 1812 1256 Α.
1829 1191 1965 1258 Stensel
1979 1192 2020 1258 de
2033 1191 2098 1258 boc

429 1278 630 1346 monasterio
645 1275 863 1343 Vratislaviae
880 1211 1273 1359 1854annolibrumcui
1288 1274 1413 1340 titulus:
1451 1274 1577 1356 „Liber
1599 1273 1801 1348 fundationis
1818 1275 1954 1342 claustri
1970 1275 2005 1344 S.
2022 1277 2095 1342 Ms-
2155 1347 2159 1354 ,

429 1365 497 1430 riae
511 1361 554 1436 V,
570 1363 606 1426 in
621 1359 832 1426 Heinricbdw'f
859 1358 971 1422 edidit.
1016 1357 1090 1423 lno
1117 1381 1172 1424 ere
1196 1359 1293 1422 etiam
1309 1358 1478 1455 polonico:
1503 1357 1895 1444 „Dodatelrtygodniuw
1933 1382 2018 1444 przy
2030 1359 2097 1434 Ga·

360 1521 363 1528 ,
429 1448 520 1515 secie
537 1443 756 1542 quwslries’
787 1441 926 1510 Carolus
955 1381 1142 1524 Szajnocira
1157 1452 1272 1506 custos
1288 1439 1509 1508 bibliothecae
1526 1441 1756 1508 Ossollniana'e
1772 1383 2024 1539 Leopoliensis,
2042 1444 2099 1525 qui

428 1529 603 1619 polonicus
618 1527 776 1592 historiae
792 1525 962 1591 scientiam
975 1525 1212 1671 scriptionibus
1224 1525 1390 1594 nonnullis
1404 1525 1627 1610 operibusque
1642 1523 1738 1592 laude
1751 1525 1840 1590 haud
1853 1525 2000 1612 indiguis
2015 1549 2098 1614 pro-

429 1623 590 1690 moverat,
605 1610 902 1698 praeclarissimam
919 1631 1009 1672 suam
1047 1610 1292 1674 sssertatiouem
1306 1609 1345 1674 de
1357 1609 1421 1674 hoc
1435 1609 1641 1674 monasterio
1664 1607 1924 1674 Henrikouicnsi
1940 1609 2098 1694 scriptam

453 1697 617 1763 nblicavit
653 1691 778 1778 (Leges
795 1695 866 1778 ejus
881 1691 1158 1756 dissertationem:
1176 1693 1284 1758 Przed
1300 1694 1482 1758 amicisset
1495 1691 1575 1777 luty,
1592 1691 1691 1758 Szlric
1706 1693 1934 1778 historyczny,
1948 1695 1983 1758 in
1998 1695 2095 1774 „Do-

429 1723 548 1848 luter'
564 1777 607 1846 N⁰
626 1781 678 1860 41,
696 1782 737 1842 14
748 1775 899 1843 octobris
917 1777 1024 1855 1854).
1059 1773 1221 1842 Nostrum·
1231 1776 1442 1864 privilegium
1457 1777 1617 1844 Stenaelii
1632 1796 1718 1859 opus
1732 1778 1831 1842 novis
1846 1776 1945 1844 rebus
1958 1777 2100 1846 illustrat

1300 1873 1306 1886 B

1296 1917 1302 1926 ι

300 1841 309 1857 “
388 1943 393 1956 Κ
433 1874 603 1946 ornetque.

1215 2267 1310 2382 LX.

429 2495 500 2575 ln
516 2489 658 2574 vitto
682 2469 1148 2592 Worurennconcc
1174 2429 1266 2572 ure
1288 2491 1546 2590 ‚mcum
1567 2489 1824 2584 octobr-ts
1840 2485 1990 2576 1²82
2007 2507 2094 2572 oss.

321 2737 330 2752 ³
378 2789 387 2802 ,
430 2706 631 2786 Paulus
648 2704 687 2778 lt
701 2705 926 2774 Pausaniam
943 2705 1104 2796 spiscopus
1116 2707 1327 2782 trianensis
1341 2707 1450 2783 sillan
1464 2705 1645 2780 monsterii
1659 2647 1884 2800 maists
1898 2705 2100 2778 Punicam
2193 2740 2196 2746 ·

428 2826 526 2900 usse
543 2809 585 2884 sl
600 2808 687 2882 uus
700 2805 1134 2895 murcomannum
1149 2812 1254 2883 antsn
1268 2810 1357 2900 qnasi
1372 2810 1648 2882 annuarum
1663 2809 1798 2882 rama
1811 2806 1940 2880 trun
1958 2805 2100 2888 ullam

430 2927 438 2932 ·
465 2941 469 2949 ¹
753 2907 908 2994 Karpouo
924 2909 958 2978 tl
972 2909 1126 2978 Zaazaa
1143 2911 1246 2984 etism
1261 2909 1302 3011 ul
1316 2911 1401 2982 'litt
1416 2925 1492 2982 1111
1506 2909 1598 2982 finon
1612 2909 1708 2982 llum
1722 2911 1775 2992 (¹).

502 3095 622 3194 „Nos
643 3091 795 3178 Paulus
827 3093 896 3175 dei
928 3097 1076 3204 gracia
1111 3093 1351 3208 Episcopus
1388 3097 1699 3181 Oracouiensis.
1736 3098 1883 3204 notum
1917 3083 2097 3176 facimus
2144 3109 2148 3118 '

343 3221 350 3236 '
430 3211 649 3295 vniusrsis.
683 3212 800 3322 qnod
821 3211 945 3292 talem
980 3211 1292 3324 ordinacionem
1323 3243 1420 3297 cum
1453 3213 1703 3297 dominabus
1735 3205 1949 3327 sororibus
1979 3211 2098 3296 vide·

428 3327 530 3410 licet
550 3325 602 3408 de
626 3327 750 3412 domu
789 3325 1063 3410 Stanatecb-et
1086 3327 1258 3438 Oloboct
1289 3331 1344 3445 (²)
1385 3329 1576 3444 fecimus
1612 3329 1754 3415 villam
1792 3334 1935 3413 earum
1971 3355 2099 3439 super

430 3471 574 3526 assuant
594 3443 650 3556 (³)
687 3446 824 3526 sitam.
862 3469 947 3556 que
991 3439 1107 3528 Woln
1136 3446 1334 3531 Pomnuni
1354 3447 1410 3561 (⁴)
1440 3449 1652 3560 wlgariter
1687 3457 1957 3560 nuncupatur
1991 3447 2099 3528 reci-

334 3578 344 3594 ·
429 3558 593 3670 pientes
617 3561 668 3644 ds
688 3562 906 3646 voluntate
931 3559 1085 3672 p'ariter
1106 3573 1149 3646 et
1164 3565 1342 3651 assensu
1363 3567 1568 3650 dictarum
1593 3569 1856 3651 dominarum
1876 3565 1999 3648 nobis
2022 3577 2122 3677 ank-K

430 3687 585 3760 nuente
623 3679 905 3790 quoadusque
941 3681 1165 3764 vixerimus
1201 3683 1517 3792 possidendam.
1550 3679 1706 3794 quibus
1740 3679 1990 3765 dominabus
2011 3706 2097 3762 non
2215 3753 2219 3762 .
2332 3729 2339 3740 -

329 3879 334 3890 ,
430 3797 599 3878 racione
636 3807 897 3904 contractus,
933 3797 1010 3880 sed
1049 3801 1203 3882 intuitu
1240 3803 1380 3884 diuino
1415 3799 1791 3913 remuneracionis,
1828 3825 1903 3908 pro
1939 3795 2097 3880 vestitu

536 4055 579 4135 (¹)
598 4053 651 4120 Ex
666 4051 848 4139 archetypo
862 4055 1113 4124 membranaceo
1131 4057 1323 4138 Stanietciis
1338 4065 1511 4124 asservato
1528 4055 1706 4142 descripsit
1722 4051 1909 4122 Slawirislii.
1947 4053 2098 4143 Sigillum

430 4151 464 4206 et
478 4137 614 4206 funiculi
628 4137 866 4203 desiderantur.
1427 4195 1430 4203 ,
1504 4155 1511 4171 ’

535 4221 578 4304 (²)
602 4221 717 4288 Olobole
730 4221 817 4304 villa,
833 4221 932 4287 hodie
945 4222 979 4287 iu
993 4223 1120 4312 Magno
1147 4225 1268 4291 ducatu
1291 4223 1517 4290 Posnanieusi.
1556 4219 1744 4288 vladislaus
1767 4219 1853 4288 filius
1867 4219 2014 4302 Ottonis,
2031 4221 2097 4288 dux

430 4307 599 4382 Poloniae,
616 4305 651 4370 in
664 4305 743 4370 villa
756 4305 817 4372 bac
833 4308 1066 4373 monasterium
1083 4307 1317 4376 cisterciensis
1331 4308 1468 4389 ordinis,
1484 4309 1559 4373 Deo
1573 4305 1689 4372 dicatis
1702 4305 1885 4388 sororibus,
1902 4327 1988 4372 anno
2002 4309 2096 4392 1213,

430 4393 480 4456 nti
493 4414 535 4456 ex
547 4390 667 4524 patriis
682 4389 852 4456 annalibus
868 4391 1001 4470 scimm,
1016 4389 1173 4457 fundavit
2011 4455 2018 4468 ,

326 4527 344 4560 ·.
379 4529 386 4544 ,
534 4482 548 4557 (
563 4480 576 4554 )
605 4475 709 4539 Usmr
722 4473 800 4538 villa
813 4498 849 4540 re
877 4475 962 4540 'onis
978 4473 1213 4543 Czchowensis
1238 4477 1279 4542 ad
1290 4478 1380 4560 ripas
1392 4471 1545 4555 fluminis,
1558 4473 1649 4558 qnod
1663 4471 1750 4537 haud
1765 4471 1866 4538 dubio
1882 4477 1980 4556 etiam
1994 4477 2098 4544 um

431 4557 626 4640 appelatur,
642 4557 741 4624 hodie
758 4561 792 4623 in
808 4499 959 4628 Gillias».
988 4559 1192 4626 Mentionem
1208 4528 1253 4626 de
1265 4563 1370 4625 Uersu
1385 4555 1460 4622 vide
1476 4579 1578 4656 supra
1588 4557 1626 4642 in
1640 4557 1819 4656 priyilegio
1835 4559 1877 4624 ad
1890 4559 1940 4626 ΝΟ.
1951 4559 2073 4626 LVIII.

411 4719 417 4728 Ι
535 4643 579 4722 (⁴)
598 4641 695 4709 Hand
710 4643 811 4708 dnbio
829 4643 1039 4725 Posnionowo,
1053 4643 1131 4708 villa
1146 4644 1292 4730 ejusdem
1317 4641 1551 4710 Cachowsnsrs
1577 4663 1737 4728 regionis,
1754 4643 1932 4729 parochiae
1953 4665 2037 4710 vero
2050 4641 2094 4710 ad

423 4721 541 4788 villam
555 4725 666 4812 ductes
681 4729 881 4815 spectantis3
897 4727 964 4793 sita
976 4725 1019 4791 ad
1034 4729 1173 4798 eundem
1188 4725 1326 4792 rivulum
1346 4727 1465 4810 Usaeu,
1480 4728 1514 4791 in
1529 4724 1678 4796 Gallicis,
1817 4755 1820 4762 ⁴
1997 4729 1999 4734 '
