4856 5932
1009 701 1053 722 ...
1110 665 1285 740 445...

326 874 470 988 quiete
488 873 640 955 in-suis
659 866 926 954 oracionibus
948 865 1169 979 quibuauis
1190 865 1409 952 summotis
1424 848 1736 978 impedimentis
1750 880 1969 980 ponantur,
1992 895 2003 922 ·

271 1075 277 1094 ,
326 991 512 1106 prefatae
533 989 741 1074 nundinas
761 1015 837 1072 seu
856 985 991 1071 forum
1013 985 1162 1071 annale
1182 989 1230 1087 in
1248 986 1359 1071 dioto
1391 997 1532 1070 monte
1568 984 1688 1071 caluo
1726 991 1903 1098 amplius
1930 1003 1976 1076 et

330 1114 383 1198 de
405 1123 544 1200 cetero
564 1107 845 1193 exercendum
881 1107 1119 1192 inhibemus
1155 1105 1319 1217 prefato
1348 1105 1496 1210 abbati
1519 1112 1562 1190 et
1581 1107 1668 1189 suis
1688 1133 1762 1215 pro
1784 1118 1974 1218 tempore

327 1230 643 1318 successoribus
675 1227 1050 1312 mandato·'nostro
1085 1223 1222 1340 Regio
1259 1227 1567 1330 committimus,
1589 1235 1637 1309 ut
1654 1227 1759 1312 tales
1783 1253 1974 1312 enormes

226 1429 231 1438 .
331 1351 679 1438 deordinaciones
715 1345 1076 1460 scandalososque
1110 1344 1355 1430 Conventus
1387 1343 1484 1464 (sic)
1505 1371 1582 1456 pro
1604 1345 1725 1428 dictis
1749 1347 1909 1450 diebus,
1932 1349 1981 1430 iu»

330 1471 485 1583 quibus
506 1471 677 1581 spiritus
697 1465 1009 1577 sanefi·gracia
1042 1463 1190 1577 pocius
1226 1476 1292 1552 est
1324 1467 1589 1580 imploranda
1628 1464 1718 1548 fieri
1751 1466 1979 1576 probibeat

331 1591 544 1694 ducturas,
578 1584 953 1698 propinationesue
972 1585 1277 1670 ‘cererdsiarum
1314 1585 1572 1698 aliorumque
1602 1587 1872 1696 potegiorum
1891 1611 1984 1670 non⁴

332 1709 539 1816 admittat,
578 1704 752 1816 tuguria
790 1705 962 1814 insuper
994 1730 1070 1815 pro
1105 1705 1317 1814 premissis
1358 1706 1600 1792 exercendis
1621 1708 1663 1787 in
1686 1706 1797 1790 dicto
1833 1716 1979 1790 monte

331 1829 453 1912 caluo
471 1838 720 1916 construere
737 1823 850 1911 nulla
869 1825 1038 1910 racione
1059 1825 1286 1934 permittat,
1307 1827 1396 1910 sola
1417 1825 1636 1912 dumtaxat
1656 1823 1837 1908 taberna
1855 1851 1980 1910 exce-
2021 1915 2026 1924 ,
2078 1825 2083 1836 '

329 1958 406 2060 pta
428 1977 511 2058 que
531 1943 615 2034 illic
636 1942 869 2050 antiquitus
890 1953 955 2036 est
973 1945 1113 2027 locata
1133 1953 1208 2027 aut
1228 1956 1378 2052 erecta,
1416 1971 1546 2056 quam
1575 1947 1619 2027 in
1639 1946 1828 2054 primeuo
1863 1939 1979 2033 stam
2117 2025 2121 2032 .

332 2075 374 2153 et
396 2068 643 2153 condicione
664 2059 855 2146 uolumus
877 2089 1134 2172 permanere.
1194 2065 1423 2150 Neautem
1443 2062 1681 2151 hominibus
1714 2063 1848 2147 dictas
1871 2095 1981 2151 nun-

334 2189 454 2272 dinae
491 2208 689 2272 exercere
725 2181 963 2267 uolentibus
997 2183 1251 2294 negociandi
1291 2195 1366 2268 aut
1399 2184 1625 2288 mercandi,
1663 2179 1875 2268 uendendi
1910 2185 1982 2270 uel

336 2307 504 2392 emendi
523 2303 705 2396 facultas
727 2300 854 2384 adimi
873 2301 1078 2406 uideatur,
1118 2303 1233 2412 ipsas
1270 2305 1359 2387 siue
1397 2304 1533 2390 iorum
1577 2303 1724 2385 annale
1761 2301 1801 2383 in
1823 2297 1983 2415 oppido

337 2424 457 2538 Siapr'
473 2426 554 2511 sub
573 2431 718 2508 monte
739 2419 860 2507 caluo
881 2421 1112 2506 antedicto
1134 2425 1227 2527 sito,
1262 2422 1328 2504 bis
1357 2425 1399 2505 in
1420 2451 1544 2530 anno,
1579 2421 1779 2505 uidelicet
1797 2449 1872 2532 pro
1896 2423 1983 2507 die'·

334 2545 415 2630 bus
446 2543 544 2628 festi
571 2544 847 2630 Pentecostes
871 2550 923 2626 et
953 2539 1167 2652 profesto
1199 2543 1312 2624 beati
1342 2540 1566 2627 Laurencii
1596 2544 1776 2626 martiris
1797 2569 1877 2626 nec
1896 2567 1982 2626 non

335 2693 411 2776 per
440 2672 574 2749 totam
609 2675 806 2747 octauam
837 2657 1038 2746 festorum
1068 2659 1354 2772 predictorum
1384 2649 1562 2773 singulis
1592 2663 1712 2745 annis
1743 2661 1989 2768 indiximus,

337 2786 574 2887 statuimus,
603 2790 648 2868 et
675 2778 906 2892 posuimus,
936 2777 1259 2891 indicimusque,
1280 2781 1489 2889 'ponimus'
1516 2790 1558 2864 et
1588 2781 1812 2865 statuimus
1832 2805 1986 2891 perpe-

336 2912 410 2988 tuo
442 2909 486 2988 et
514 2903 558 2984 in
591 2928 717 2987 euvm
744 2905 890 2984 tenore
920 2903 1190 3014 presencium
1210 2901 1434 3002 mediante,
1467 2898 1523 2984 ab
1554 2898 1748 2986 omnibus
1775 2897 1984 2986 -mereato

336 3025 467 3128 ribus,
494 3018 740 3108 rectoribus
772 3025 815 3102 et
844 3019 1013 3132 populis
1046 3020 1349 3132 cuiuscumque
1380 3029 1516 3103 status
1548 3020 1817 3124 condicionis,
1835 3038 1989 3125 serus,

338 3151 414 3228 aut
443 3143 751 3255 preeminencie
801 3135 1014 3244 'existant¹
1044 3166 1159 3223 more
1189 3141 1412 3222 ciuitatum
1445 3149 1490 3224 et
1517 3139 1691 3224 alierum
1736 3139 1988 3249 oppidorum

337 3261 480 3374 Regni
509 3263 639 3345 nostri
660 3251 904 3343 celebrandi
935 3269 988 3344 et'·
1007 3260 1175 3342 realiter
1202 3259 1438 3358 exercendi,
1470 3261 1741 3344 decernentes
1777 3259 1987 3367 presentis

339 3383 486 3493 scripti
505 3381 750 3488 patrocinio,
790 3385 839 3458 ut
880 3380 1140 3487 quicumque
1170 3379 1373 3482 homines,
1390 3379 1460 3462 ad
1499 3376 1738 3464 huiusmodi
1777 3377 1987 3460 nundinas
2130 3479 2134 3488 .

340 3533 416 3589 seu
437 3497 605 3584 annalia
624 3494 716 3581 fora
736 3519 812 3606 pro
833 3493 1134 3581 festiuitatibus'
1152 3496 1468 3582 ·Pentecc'sthes
1500 3509 1543 3582 et
1572 3495 1795 3580 Laureneii
1823 3495 1985 3605 predic·

340 3627 407 3728 tis,
438 3618 493 3702 ad
515 3617 777 3726 sepedictum
800 3617 1001 3726 oppidum
1033 3611 1154 3724 stupe·
1180 3618 1328 3728 gracia
1360 3616 1537 3722 emendi,
1578 3614 1802 3713 uendendi,
1845 3623 1889 3696 et
1916 3643 1984 3700 res

330 3769 418 3852 pro
447 3735 574 3822 rebus
617 3736 906 3846 commutandi
945 3733 1201 3819 accesserint
1229 3734 1272 3814 in
1304 3734 1547 3820 accedendo
1580 3743 1620 3814 et
1649 3731 1886 3818 recedendo
1922 3759 1988 3818 se·

343 3861 519 3946 curitate
564 3861 709 3939 nostra
752 3850 941 3964 plenaria
974 3865 1016 3938 et
1045 3863 1282 3937 nostrorum
1313 3880 1601 3938 successorum
1633 3855 1866 3964 pociantur,
1907 3854 1987 3935 nisi

341 3979 447 4066 tales
469 3978 553 4060 sint
584 3997 692 4082 quos
721 3975 916 4059 iuranon
938 3980 1108 4059 tueatur
1139 3981 1183 4055 et
1212 3973 1367 4084 quibus
1389 3976 1534 4058 merito
1557 3972 1865 4084 fidedignorum
1887 3998 1989 4054 con·
2033 4057 2036 4064 .

344 4098 481 4184 sorcia
528 4093 801 4202 denegantur.
864 4092 1061 4180 Volentes
1093 4093 1262 4202 insuper
1294 4092 1395 4174 dicti
1424 4093 1668 4176 monasterii
1697 4092 1850 4176 montis
1881 4089 1990 4172 calui

313 4239 319 4252 ·
347 4214 636 4301 condicionem
677 4209 817 4294 faeere
847 4215 1156 4314 meliorem,·ut
1185 4212 1281 4293 inde
1311 4209 1578 4297 uberioribus
1608 4207 1758 4293 fratres
1800 4207 1989 4292 eiusdem

347 4333 490 4448 gracie
520 4337 662 4414 nostre
702 4329 895 4440 presidiis
942 4331 1199 4446 subportati,
1245 4330 1492 4414 altissimum
1531 4356 1607 4438 pro
1638 4326 1758 4413 nobis
1791 4353 1842 4408 ao
1873 4333 1989 4412 statu

344 4449 572 4562 reipublice
612 4445 847 4533 feruenoius
877 4453 1080 4537 studeant
1111 4475 1300 4550 exorare,
1338 4447 1500 4558 prefato
1538 4445 1731 4530 Michaeli
1770 4441 1916 4528 abbati
1947 4455 1990 4527 et

346 4573 433 4660 suis
464 4595 539 4682 pro
571 4561 761 4676 tempere
791 4571 1108 4658 suecessoribus
1137 4569 1309 4650 racione
1350 4567 1539 4652 feralium
1580 4593 1605 4646 a
1648 4563 1838 4672 quolibet
1865 4593 1989 4648 curru

345 4691 475 4808 panni
504 4695 677 4780 onerato
708 4715 783 4798 per
811 4713 939 4776 unum
961 4712 1166 4803 grossum,
1197 4685 1252 4768 ab
1283 4685 1373 4767 aliis
1403 4711 1504 4768 uero
1536 4683 1727 4770 curribus
1747 4685 1985 4768 institorum

346 4816 435 4898 siue
483 4806 843 4894 mercimoniorum
886 4838 960 4918 per
999 4810 1183 4893 medium
1229 4831 1422 4917 grossum
1467 4795 1636 4889 tollendi
1678 4831 1728 4886 ac
1758 4801 1986 4916 recipiendi
