4930 5922
1127 595 1516 723 ..mg-⁵.

543 845 669 928 1302.
700 845 751 929 In
773 846 891 928 cuius
921 843 1093 930 visionis
1122 847 1408 932 testimonium
1430 845 1486 928 ad
1505 846 1759 932 instanciam
1794 845 2102 934 honorabilium
2172 871 2176 886 ·

436 958 725 1046 ἀοωὶηοιυω.;
746 963 949 1072 prepositi
962 973 1013 1044 et
1031 960 1208 1065 fratrum
1229 965 1380 1050 domus
1399 961 1689 1046 Mectonr'ensr'r
1707 959 1762 1075 (⁶)
1785 965 1941 1048 ordinis
1963 969 2101 1052 sancti

433 1078 616 1188 sepulcri
634 1089 855 1187 presentes
875 1081 1034 1163 litteras
1055 1083 1342 1190 predictarum
1361 1082 1595 1164 litterarum
1615 1082 1882 1164 continentes
1903 1087 2102 1168 transcri-

433 1201 554 1305 ptum
573 1194 666 1279 ficri
686 1194 862 1280 fecimus
883 1206 927 1279 et
945 1206 1184 1284 nostrorum
1214 1199 1447 1311 sigillorum
1479 1197 1810 1308 appensionibus
1841 1203 2099 1284 communiri.

432 1309 821 1408 Datum.Cracouie
842 1317 886 1399 in
907 1317 1091 1401 crastino
1127 1315 1254 1400 beate
1290 1315 1534 1427 Margarete
1569 1315 1744 1426 virginis
1779 1316 1906 1401 Anno
1943 1317 2100 1402 domini

432 1430 509 1514 M⁰.
537 1429 685 1518 000⁰.
707 1430 908 1518 secundo.

535 1663 580 1742 (Β)
601 1663 780 1746 Misetoria,
796 1664 942 1732 Moesos
957 1662 1116 1750 oppidum
1127 1664 1147 1730 5
1159 1663 1318 1730 milliariis
1341 1664 1541 1732 aCracovia
1555 1664 1694 1748 distans,
1706 1663 1868 1731 territorii
1881 1663 2097 1751 regionisque

321 1755 326 1764 '
433 1755 544 1832 caput.

1176 2119 1357 2237 Lllllll.

693 2355 1189 2442 Sundomtriue-t)
1211 2355 1468 2440 Octobris
1485 2355 1636 2446 1³⁰2
1656 2379 1821 2444 anno.

426 2577 534 2648 tons
547 2575 729 2668 nunerrju
742 2573 1020 2670 (briedslmjue
1042 2578 1161 2644 Wiaka
1184 2578 1271 2642 Wier
1286 2573 1392 2647 villan
1411 2591 1500 2648 suan
1531 2574 1973 2668 &necessariaiam
1994 2571 2094 2648 liert
2183 2555 2188 2564 ’

510 2675 673 2749 ldrlbertr
694 2675 779 2751 dicto
801 2677 965 2750 trimam
981 2679 1014 2748 et
1028 2677 1117 2749 tratri
1138 2677 1207 2770 ejus
1229 2677 1377 2748 ltrtrrsio
1397 2675 1536 2748 rendidt
1550 2677 1835 2768 stjuetsutcnirc
1848 2675 2009 2770 bcmtm

1149 2779 1301 2868 permittit
1315 2781 1366 2861 (¹).

527 2948 579 3031 In
599 2949 766 3032 nomine
790 2949 947 3034 domini
966 2947 1117 3032 Amen:
1151 2949 1261 3034 Oum
1292 2948 1502 3033 mobilitas
1532 2947 1734 3058 temporis
1766 2958 1922 3031 cuncta
1942 2975 2088 3034 secum

423 3068 650 3179 precipitat
669 3095 724 3149 ne
744 3067 932 3150 humana
953 3078 1079 3178 gesta
1094 3067 1370 3150 instabilitate
1392 3066 1593 3175 temporis
1615 3095 1642 3146 a
1657 3068 1859 3182 memoria
1873 3065 2089 3152 hominum

424 3185 645 3269 elabantur
665 3181 801 3268 solent
819 3212 927 3269 voce
947 3187 1120 3268 testium
1150 3211 1317 3269 necnon
1347 3185 1578 3268 munimine
1597 3186 1898 3294 scripturarum
1920 3181 2090 3292 publice

423 3301 659 3386 confirmari
691 3301 872 3385 Proinde
902 3329 981 3384 nos
1011 3299 1279 3410 Dirsicrayus
1312 3303 1507 3386 dominus
1539 3329 1591 3383 ac
1622 3301 1744 3386 heres
1767 3303 1818 3416 de
1847 3298 2012 3384 Veluues
2034 3301 2089 3414 (⁹)

423 3429 569 3505 notum
600 3446 713 3525 esse,
749 3419 944 3504 volumus
981 3420 1175 3503 omnibus
1210 3421 1475 3528 presencium
1511 3420 1712 3502 noticiam
1733 3413 1939 3502 habituris
1962 3413 2090 3532 Quod
2136 3481 2139 3488 ·

422 3535 662 3622 nos'villam
681 3545 869 3620 nostram
897 3531 1137 3649 qurr'aooo
1154 3535 1209 3648 (³)
1240 3545 1529 3646 nuncupatam
1560 3537 1686 3620 sitam
1716 3538 1760 3618 in
1792 3537 1951 3620 ducatu
1984 3535 2089 3622 Ora·

526 3753 569 3833 (¹)
590 3751 815 3818 Doctissimus
843 3747 1021 3819 Slawidski
1045 3749 1187 3816 tabulam
1213 3749 1299 3816 hanc
1323 3751 1502 3836 descripsit
1522 3773 1562 3815 ex
1578 3747 1759 3833 archetypo
1787 3745 2035 3813 membranaceo
2052 3747 2085 3812 in

420 3834 635 3902 celeberrima
647 3833 850 3900 bibliotheca
865 3835 1083 3901 Dzikouicnsi
1097 3836 1132 3899 in
1147 3834 1298 3916 Gallicis,
1315 3835 1471 3900 comitum
1487 3832 1776 3899 Tarncwsciorum
1794 3841 1977 3917 asservator
1991 3829 2085 3918 sigil-

419 3921 485 3985 lum
499 3919 607 3984 minus
623 3919 658 3984 in
671 3919 818 3985 funiculo
842 3919 951 3984 serico
975 3917 1067 3984 rubri
1088 3915 1224 4000 coloris,
1248 3919 1340 3984 cuius
1363 3919 1508 4006 insignis
1528 3917 1658 4004 penitus
1675 3915 1794 4000 deleta,
1810 3913 1988 4002 inscriptio
2003 3937 2084 3980 vero

420 4023 575 4088 sequens:
600 4001 635 4066 S·
651 4007 769 4068 comitis
786 4005 942 4068 dirsicrai.

523 4087 566 4168 (²)
593 4085 730 4168 Velauaa,
753 4087 833 4151 Vella
847 4109 910 4166 aaa,
928 4086 1088 4150 Polcnice
1103 4085 1191 4150 baud
1208 4085 1308 4150 dnbio
1333 4085 1451 4152 Wielka
1465 4090 1548 4153 cies.
1584 4083 1621 4148 ln
1638 4081 1774 4230 antipuo
1791 4081 2008 4149 Craccviensi
2021 4103 2083 4167 pa·

250 4193 256 4204 ·
317 4148 322 4157 .
416 4171 564 4250 latinam,
575 4168 659 4235 urbs
675 4171 855 4246 Mieuovia,
873 4171 1020 4236 Miarttw
1035 4169 1183 4270 regionis
1198 4169 1376 4249 Xiaaensis
1393 4179 1463 4235 erat
1478 4167 1711 4256 (powiatXies
1737 4167 1773 4251 i),
1784 4175 1817 4232 ct
1831 4167 1980 4252 regionis
1996 4169 2081 4233 e'us·

418 4257 491 4321 dem
517 4253 614 4320 villae
648 4253 844 4340 ngrzyndw
870 4273 943 4316 cum
969 4253 1163 4335 Jasunnaa,
1190 4254 1239 4318 nti
1268 4251 1446 4320 Slawiriski
1462 4255 1571 4320 docet.
1607 4253 1701 4318 Hanc
1718 4251 1761 4314 ob
1779 4273 1913 4316 causam
1928 4251 2007 4315 etv'
2034 4271 2085 4314 am
2131 4247 2140 4328 ff

427 4339 544 4405 Wielka
557 4342 646 4414 sciet,
674 4358 758 4421 quae
773 4335 873 4400 bodie
889 4345 941 4401 est
957 4335 1218 4402 Miecboviensis
1234 4337 1399 4423 regionis,
1417 4347 1451 4403 ct
1466 4340 1559 4422 cujus
1576 4335 1719 4408 ecclesia
1739 4333 1939 4420 parochialis
1953 4335 1989 4399 in
2005 4336 2092 4416 Xar-

416 4423 514 4488 wiella'
529 4423 706 4505 invenitur,
732 4420 817 4486 hanc
844 4427 990 4486 nostram
1014 4421 1124 4485 villam
1139 4421 1289 4504 ,Voluntas
1307 4422 1441 4486 comitis
1453 4421 1619 4487 Dirsicrai
1631 4441 1717 4490 esse.
1733 4419 1830 4484 nobis
1845 4419 1987 4484 videtur.
2021 4419 2085 4485 Est

418 4505 504 4652 :sinim
522 4517 556 4604 et
569 4507 634 4606 alia
656 4507 776 4574 Wiallrc
791 4508 862 4571 roias
876 4506 910 4570 in
925 4505 1118 4572 llcussiensi
1132 4506 1271 4592 regiona
1288 4514 1322 4571 ct
1336 4505 1418 4572 aliae
1434 4505 1581 4592 ejusdcm
1596 4503 1739 4569 nominis
1755 4503 1789 4568 in
1807 4502 1987 4588 palatinatu
2002 4501 2084 4568 San·

442 4609 621 4656 cremensi.
1128 4627 1130 4634 ·

520 4674 564 4753 (³)
592 4675 637 4739 W
698 4676 799 4763 yadw,
821 4672 921 4740 bodie
937 4673 1015 4738 villa
1029 4673 1190 4740 territorii
1203 4673 1403 4756 Kielcensis,
1433 4695 1469 4738 rc
1496 4672 1581 4737 'onis
1609 4670 1895 4756 Jedraejoviensis
1922 4668 1980 4752 (de
2008 4666 2083 4734 An·

417 4753 610 4840 drsjovie-
633 4757 641 4772 '
668 4779 686 4825 e
702 4761 920 4845 praemissum
937 4757 1216 4846 privilegiantis
1232 4755 1479 4844 XLllearoo
1503 4757 1552 4823 ias
1569 4754 1761 4822 verevillae
1779 4755 1942 4823 obtectam,
