4930 5922
700 747 1407 848 ἱ -ιιιι.--

332 949 441 1038 infra
461 945 698 1034 duodecem
719 961 852 1028 annos
875 973 1049 1030 censum
1070 955 1113 1031 et
1134 946 1343 1028 decimam
1364 945 1529 1031 solvere
1551 974 1637 1033 non
1659 952 1819 1037 debent
1817 947 2001 1065 ,ellipsis

335 1096 436 1156 vero
459 1063 685 1150 duodecim
708 1063 829 1145 annis
848 1053 1074 1170 libertatis,
1110 1063 1303 1147 Ecclesie
1342 1061 1490 1147 Sancti
1526 1064 1702 1178 Georgii
1736 1073 1907 1181 saepius
1929 1099 2007 1159 no·

335 1188 543 1286 minatae,
580 1190 763 1296 quatuor
782 1201 1004 1266 mensuras
1025 1179 1199 1290 triplicis
1220 1204 1435 1286 annonae,
1466 1183 1665 1277 videlicet
1686 1197 1869 1296 quatuor
1888 1219 2006 1273 men-

192 1343 200 1354 ·
335 1330 456 1388 suras
475 1300 621 1402 tritici,
654 1305 842 1410 quatuor
867 1301 1055 1412 siliginis,
1077 1306 1261 1412 quatuor
1282 1325 1444 1406 avenae
1460 1301 1668 1416 ,singulis
1690 1306 1810 1387 annis
1830 1333 1907 1414 pro
1932 1308 2022 1398 de·,
2200 1410 2207 1420 .

335 1423 448 1506 cima
462 1419 628 1503 solvere
648 1415 857 1498 tenebunt
839 1416 988 1527 t(eio),
1008 1443 1085 1526 pro
1106 1441 1239 1498 censu
1259 1439 1359 1499 vero
1381 1441 1535 1501 novem
1556 1428 1699 1504 scutos
1715 1415 1816 1533 (sic)
1838 1426 2006 1536 argenti
2054 1415 2058 1424 ’

336 1539 495 1627 maelis
517 1533 720 1627 Similiter
737 1533 976 1638 solvendos,
998 1543 1043 1618 et
1060 1535 1144 1618 hoc
1165 1531 1397 1619 secondum
1415 1534 1689 1644 praefatum
1676 1566 1742 1622 rus
1755 1539 1873 1644 infra
1888 1552 2008 1638 octa-

336 1681 415 1740 vas
437 1655 587 1740 Sancti
601 1650 772 1756 Martini
785 1651 1063 1737 Ocnicssoris.
1094 1652 1408 1740 Praenominati
1429 1655 1573 1740 autem
1593 1655 1774 1762 sculteti,
1797 1668 1841 1742 et
1861 1686 2007 1745 eorum
2018 1751 2024 1764 ,1
2164 1683 2168 1702 ·

334 1775 506 1884 posteri,
526 1772 571 1854 in
592 1747 741 1852 eadem
761 1765 860 1853 villa
880 1755 1138 1852 Braaoroicre
1160 1771 1349 1880 quinque
1385 1793 1556 1856 mansos
1576 1772 1733 1858 liberos
1768 1805 1796 1858 a
1816 1773 2008 1888 qualibet

337 1893 546 1975 solutione
582 1913 737 1970 census
759 1897 802 1968 et
823 1887 1061 1970 decimae
1049 1911 1140 1970 rure
1174 1885 1469 1976 haereditario
1491 1885 1793 1998 possidebunt,
1817 1903 1860 1976 et
1878 1923 2009 1980 unam

156 2037 160 2045 ·
275 2037 282 2044 ·
315 2007 588 2143 tabernam
597 2005 784 2090 similiter
803 2005 1025 2092 habebunt
1043 2005 1238 2110 liberam,
1261 2013 1305 2089 et
1321 2015 1564 2113 exemptam
1585 2005 1640 2088 ab
1664 2011 1777 2090 omni
1800 2011 2007 2116 solutione

336 2123 643 2261 clamatione,
664 2149 761 2234 pro
763 2117 855 2206 rect
856 2147 927 2209 ore
963 2150 1065 2208 vero
1100 2112 1320 2206 Ecclesiae
1358 2118 1441 2206 duo
1478 2125 1615 2205 mansi
1652 2109 1812 2207 debent
1835 2109 2008 2250 integre

333 2239 566 2345 reseruari,
587 2250 631 2324 et
651 2265 798 2326 omnes
820 2237 980 2325 debent
1001 2268 1096 2324 esse
1115 2236 1245 2351 longi.
1296 2237 1508 2340 Habent
1497 2267 1669 2349 msuper
1689 2241 1818 2350 ijdem
1835 2239 1950 2326 'soult
1952 2247 2019 2326 etl'

336 2360 512 2447 liberam
531 2367 791 2468 potestatem
811 2359 1053 2442 scultellam
1072 2385 1195 2442 suam
1212 2357 1419 2462 donandi,
1434 2357 1649 2442 vendendi
1665 2358 1732 2446 vel
1747 2385 2008 2470 quocunque

249 2537 252 2544 ·
338 2479 464 2562 modo
502 2479 583 2562 alio
619 2506 648 2559 a
668 2503 715 2558 se
747 2476 976 2558 alienandi.
1029 2476 1139 2558 Item
1161 2477 1213 2559 de
1235 2474 1397 2583 iudicij
1422 2471 1647 2587 (judicioi)
1683 2484 1784 2584 post
1818 2476 2009 2586 elapsam

183 2692 187 2700 ,
337 2595 576 2680 libertatem
614 2595 697 2678 duo
735 2593 896 2704 denarij
938 2621 1105 2704 semper
1135 2593 1293 2676 cedent
1314 2591 1548 2675 ecclesiae
1536 2619 1622 2676 1am
1640 2592 1783 2703 plures
1804 2596 2080 2696 recitatae
2234 2643 2236 2648 ,
2342 2685 2348 2696 Ι

341 2713 454 2824 (sic),
490 2721 536 2795 et
554 2709 685 2796 totius
706 2705 945 2823 (totidcm'l)
968 2709 1024 2797 ad
1043 2711 1126 2796 solt
1108 2717 1219 2796 totos
1254 2711 1522 2819 pertinebit·
1544 2709 1587 2797 N
1589 2739 1612 2791 e
1633 2718 1776 2815 autem
1799 2711 2013 2821 quispiam
2131 2771 2138 2776 -
2281 2740 2286 2748 ·

338 2833 382 2912 in
402 2824 622 2940 posterum
641 2830 754 2912 hanc
776 2825 1082 2916 ordinationem
1102 2830 1239 2940 possit
1259 2830 1527 2940 aliquatenus
1553 2829 1789 2966 immutare,
1809 2855 2012 2938 praesen
2054 2869 2060 2882 =

337 2941 426 3037 tem
447 2949 507 3033 eia
529 2949 735 3084 paginam
755 2947 798 3032 in
818 2945 1108 3036 testimonium
1128 2955 1172 3030 et
1191 2947 1451 3056 perhennem
1470 2946 1729 3050 memoriam,
1760 2963 1889 3064 super
1910 2971 2010 3058 oon·
2058 3033 2067 3050 ,

253 3129 258 3136 -
340 3065 497 3149 foetam
516 3066 713 3152 concessi
733 3093 816 3147 mer
804 3065 963 3178 sigilli
979 3075 1023 3148 et
1038 3063 1321 3177 capitali(sio)
1337 3064 1566 3149 munimine
1587 3071 1875 3150 memoratam.
1899 3063 2012 3152 Acta

339 3193 440 3266 sunt
460 3193 534 3280 aut
535 3211 603 3282 em
621 3183 731 3266 haec
754 3209 864 3268 enno
889 3182 1046 3267 domini
1071 3182 1454 3268 revenditione
1488 3181 1788 3268 ecclesiastiea.
1811 3206 2013 3292 praesen
2012 3201 2028 3215 '·

340 3299 457 3386 tibus
477 3291 558 3384 etc.
595 3297 758 3386 Datum
779 3299 955 3386 Tinctiae
977 3301 996 3414 (
1002 3299 1098 3411 ²)'1n
1120 3275 1189 3384 die
1209 3295 1328 3393 beati
1349 3297 1518 3392 Oelixti
1525 3297 1742 3411 Martyris,
1763 3327 1839 3411 per
1859 3325 2016 3387 manus
2176 3317 2181 3328 '

268 3447 282 3486 ·
341 3419 558 3504 Leonardi
577 3420 792 3532 scriptoris
815 3420 958 3504 curiae
979 3445 1115 3503 meae
1269 3495 1274 3506 ,
2009 3485 2014 3492 .

447 3677 492 3762 (’)
515 3621 655 3771 l’irtecia,
675 3680 805 3772 Tynieo,
820 3649 900 3745 urbs
916 3677 958 3743 ad
974 3676 1139 3745 Vistulam'
1150 3677 1185 3742 in
1201 3673 1352 3745 Gallicis.
1503 3641 1508 3650 ¹
