4952 5926
708 1173 942 1266 Romac,
970 1173 1043 1257 19
1069 1169 1275 1272 Apriles
1303 1188 1454 1255 anno
1479 1103 1839 1261 raas-1229.

442 1357 724 1448 Gregorius
745 1359 821 1430 lx.
851 1357 964 1436 third
978 1301 1147 1430 mnirari
1168 1357 1484 1430 Prunorrtnunris
1502 1323 1631 1435 orbiu,
1654 1358 1884 1446 attrectatio
1912 1360 1951 1434 dc
1977 1357 2101 1437 tentis

439 1445 623 1522 tunnensis
637 1450 671 1518 et
685 1433 932 1518 lntislrricrsis
955 1443 1109 1516 tinctoris
1131 1445 1165 1514 ct
1179 1443 1299 1514 benno
1314 1443 1494 1516 razonem
1514 1443 1563 1528 (to
1578 1444 1667 1527 priori
1682 1442 1749 1515 loeo
1763 1445 1843 1516 nur
1857 1447 2017 1540 ascopa
2036 1465 2102 1522 ara·

873 1529 1046 1600 urionem
1062 1529 1096 1596 ct
1111 1523 1379 1598 trrtulrrlctscn
1394 1527 1602 1600 carnotenis
1618 1530 1670 1608 (¹).
1785 1635 1796 1643 .

544 1699 816 1814 Significavit
838 1699 975 1784 Nobis
1006 1695 1270 1781 Venerabilis
1302 1697 1453 1781 Frater
1481 1700 1637 1784 Noster
1669 1677 1972 1785 Cracoviensis
1997 1701 2101 1813 Epi·
2159 1671 2163 1678 ⁵

369 1879 371 1886 =
439 1847 611 1928 scopus,
633 1822 751 1929 quod
772 1845 870 1900 curn
890 1815 1153 1900 Venerabilis
1185 1817 1315 1898 irater
1346 1818 1503 1901 Noster
1534 1816 1796 1903 Gncsnensis
1832 1818 1964 1901 Archi
1998 1820 2102 1928 Epi-

439 1965 599 2046 scopus
632 1937 982 2043 Metropolitanus
1014 1963 1115 2015 suus
1146 1937 1286 2042 ipsum
1308 1937 1364 2016 ad
1384 1937 1525 2018 locum
1557 1937 1769 2016 desertum
1788 1935 1847 2017 ¹et
1888 1937 2013 2019 valde
2034 1965 2101 2032 re-

305 2125 308 2132 .
439 2065 616 2156 motum,
637 2055 693 2134 ad
714 2082 841 2163 quem
861 2059 1035 2159 propter
1057 2078 1303 2158 guerrarum
1336 2051 1589 2154 discrimina,
1622 2061 1665 2133 et
1686 2055 1891 2160 capitales
1922 2054 2099 2136 inimici·

438 2173 520 2252 tias
541 2172 612 2254 via
633 2171 797 2278 absque
820 2168 941 2278 graii
961 2167 1150 2274 periculo
1187 2165 1361 2250 valebat
1402 2169 1606 2250 accedere
1628 2198 1704 2277 pro
1724 2171 1981 2252 celebrando
1998 2197 2101 2253 con·

439 2287 534 2371 cilio
555 2287 809 2370 Provinciali
832 2287 1008 2365 citasset
1026 2285 1139 2365 idem
1160 2283 1413 2392 Episcopus,
1437 2288 1552 2368 dicto
1573 2284 1941 2394 Archi-Episcopo
1962 2287 2100 2367 humi-
2145 2377 2148 2384 ,

436 2401 532 2487 liter
554 2402 810 2512 obsequens,
843 2403 899 2482 ad
918 2403 1059 2486 locum
1081 2401 1161 2482 sibi
1180 2401 1417 2510 praefixum
1449 2403 1641 2504 accessit,
1675 2413 1719 2483 et
1747 2402 1889 2486 locum
1919 2405 2100 2510 primum

438 2522 494 2602 ad
518 2522 734 2601 dexteram
753 2519 884 2627 ipsius
904 2517 1036 2600 Archi
1055 2517 1259 2628 Episcopi
1280 2519 1466 2601 sedentis
1487 2522 1529 2600 in
1553 2519 1742 2604 Concilio
1765 2521 1845 2601 sibi
1866 2519 2099 2602 secundum

438 2639 661 2747 antiquam
683 2646 726 2720 et
747 2635 1028 2744 approbatam
1050 2637 1402 2721 consuetudinem
1425 2638 1615 2720 debitum
1635 2638 2100 2748 postulansassignari,

436 2775 490 2836 ne
513 2751 773 2854 conferretur
795 2755 876 2857 alii,
910 2756 966 2836 ad
988 2753 1143 2836 Sedem
1165 2753 1460 2862 Apostolicam
1481 2755 1693 2864 apellauit3
1726 2748 1772 2838 at
1791 2757 1859 2837 illc
1881 2756 2100 2864 apellatio·

436 2899 490 2954 ne
511 2872 643 2980 ipsius
666 2882 921 2978 contempta,
942 2873 1082 2955 locum
1102 2875 1252 2981 ipsum,
1289 2869 1530 2956 Venerabili
1548 2873 1685 2954 Fratri
1705 2883 1853 2958 nostro
1880 2873 2099 2980 Episcopo

325 3077 333 3088 ⁶
436 2985 756 3074 Vratislauicnsi
777 2991 1003 3092 concessit3
1036 2992 1079 3070 in
1099 2991 1309 3098 praedicti
1340 2989 1639 3075 Cracoviensis
1673 3001 1715 3072 et
1743 2989 1964 3073 Ecclesiae
1995 3015 2099 3070 suae
2233 2985 2236 2994 ’

435 3103 742 3214 praejudicium
775 3117 818 3190 et
849 3137 1103 3218 gravamen,
1136 3119 1284 3193 contra
1311 3108 1475 3191 indulta
1508 3109 1645 3191 eidem
1676 3107 1896 3192 Ecclesiae
1931 3135 1957 3188 a
1986 3102 2098 3189 Sede

436 3221 686 3330 Apostolica
704 3226 937 3334 privilegia,
958 3233 1117 3309 temere
1139 3225 1362 3311 veniendo.
1405 3219 1517 3330 Quia
1537 3255 1638 3311 vero
1659 3226 1782 3311 nobis
1803 3252 1889 3310 non
1911 3223 2102 3307 constitit

293 3331 304 3348 ⁰
349 3359 355 3371 “
438 3339 492 3419 de
511 3342 754 3450 praemissis
773 3343 848 3424 dis.
870 3371 910 3426 u.
933 3371 974 3452 p.
998 3371 1065 3450 ap.
1088 3371 1120 3427 s.
1139 3347 1406 3452 mandamus,
1449 3353 1659 3456 quatenus
1676 3346 1838 3428 vocatis
1858 3343 1931 3454 qui
1947 3341 2102 3422 fuerint

436 3457 632 3562 vocandi,
655 3469 699 3542 et
718 3461 871 3542 auditis
888 3461 1100 3544 hincinde
1116 3463 1356 3571 propositis,
1378 3463 1497 3575 quod
1519 3461 1783 3549 Canopicum
1803 3461 1929 3545 fuerit
1949 3457 2100 3567 appel·

435 3572 593 3658 latione
612 3580 853 3684 postposita
872 3581 1083 3683 statuatis,
1103 3579 1321 3684 facientes,
1343 3584 1462 3694 quod
1494 3583 1725 3664 statueritis
1747 3583 2000 3662 auctoritate
2021 3600 2102 3655 no-

434 3699 524 3891 }traals
544 3691 719 3924 dfimitpr)
739 3695 968 3782 observari.
1001 3693 1130 3798 Quod
1150 3702 1279 3785 sinon
1302 3727 1447 3784 onmes
1471 3707 1551 3782 eto.
1572 3699 1733 3780 Datum
1753 3697 1952 3784 Lateran.
1974 3687 2097 3772 XIII.

521 3871 531 3892 .
599 3839 653 3922 arJ
726 3877 735 3893 .

539 4006 584 4088 (¹)
604 4007 633 4072 E
649 4009 986 4096 fasciculooopisrnm
995 4012 1340 4080 illustrissimiLeonis
1348 3999 1611 4098 Rzyszczewscii
1620 4033 1652 4098 p.
1664 4009 1736 4076 415.
1745 4007 1798 4075 Ex
1805 4005 1888 4076 cod
1896 4007 2002 4074 Mser.
2010 4005 2098 4072 Bibl.

435 4085 512 4156 Vas
527 4081 617 4155 inter
631 4091 737 4158 Vatic.
754 4097 845 4158 7021.
862 4119 883 4180 p
908 4119 938 4158 σ.
956 4099 1006 4160 93.

538 4173 582 4256 O)
605 4173 658 4240 Dc
675 4181 904 4243 controversia
931 4181 984 4243 oci
1000 4181 1085 4246 inter

432 4257 500 4339 jam
514 4255 548 4321 in
563 4269 678 4324 nostra
701 4262 770 4326 vita
785 4263 925 4329 Joannis
952 4265 1033 4342 (Iwo
1061 4204 1267 4330 zldlnsffim
1283 4263 1458 4344 Odrowat,
1477 4261 1596 4348 biskup
1612 4261 1811 4327 krakowslri.
1836 4259 1934 4327 Szkic
1948 4259 2097 4343 history·

437 4361 522 4422 czny
537 4363 554 4403 z
568 4343 654 4408 XIII
668 4345 784 4410 wicku.
806 4347 892 4412 Vide
908 4347 1074 4413 Dziennilr
1091 4348 1217 4414 Warsz.
1234 4349 1325 4412 1854.
1349 4347 1403 4412 Nr.
1423 4350 1601 4427 173-1873
1618 4347 1658 4412 dc
1674 4349 1748 4432 ipsa
1769 4344 2000 4410 controversia
2011 4341 2097 4428 legi-

435 4431 490 4486 tur
503 4424 539 4486 in
553 4447 687 4492 numero
705 4433 896 4510 181-182).
907 4429 1074 4516 Synodus,
1091 4431 1130 4495 de
1147 4454 1212 4513 qua
1226 4433 1346 4518 agitur,
1362 4433 1423 4495 luit
1438 4430 1847 4516 ann01226,.temporibus
1868 4431 1969 4515 igitur
1992 4447 2098 4511 papas

435 4505 579 4571 Honorii
594 4509 652 4592 Ill,
676 4515 733 4595 qui
747 4524 895 4579 mortuus
912 4525 963 4579 est
979 4518 1018 4580 18
1032 4515 1140 4578 martii
1156 4517 1249 4578 1227.
1285 4515 1324 4580 In
1354 4525 1471 4580 nostro
1492 4517 1668 4603 privilegio
1692 4517 1878 4583 Grecorius
1901 4513 1952 4580 IX
1967 4511 2098 4599 delegat

1101 4203 1117 4246 e
1143 4181 1280 4266 iscopos
1296 4179 1544 4245 cracoviensem
1560 4189 1593 4244 ct
1606 4175 1888 4243 vratislaviensem
1904 4173 2098 4272 scripsimus

435 4591 683 4664 commissarios
699 4597 741 4660 ad
756 4621 824 4662 rem
840 4597 1090 4683 dijudicandam.
1123 4599 1183 4662 lvo
1200 4599 1380 4684 episcopus
1406 4610 1557 4664 mortuus
1585 4571 1783 4687 est20julil
1805 4601 1888 4666 1229
1923 4598 2098 4664 Modense.

435 4671 499 4737 His
511 4673 552 4738 de
571 4679 692 4760 causis,
711 4681 920 4768 privilegium
934 4680 1000 4746 hoc
1014 4704 1172 4747 annorum
1188 4684 1357 4748 lert-28
1373 4682 1426 4748 vel
1443 4687 1524 4748 1229
1540 4685 1637 4751 nobis
1653 4686 1882 4751 videturesse.
1907 4681 2098 4767 Episcopus

436 4754 707 4838 Vratislaviensis
721 4764 784 4830 luit
798 4765 997 4833 Laurentius
1012 4765 1143 4832 Doliwe
1170 4771 1282 4852 (mort.
1307 4770 1326 4834 9
1343 4767 1418 4853 julii
1437 4771 1520 4834 1232
1536 4791 1587 4854 ap.
1605 4770 1846 4859 Dlugossium);
1870 4763 2098 4848 archiepisco-
