4930 5922
1021 725 1024 731 '
1128 707 1407 824 ‘'⁰⁰⁰—
1514 777 1517 786 Ι

301 934 303 942 ’
427 915 573 998 sencio
605 935 870 1018 comparere;
904 906 1186 1017 Tandemque
1216 907 1308 1014 ipse
1339 905 1476 989 'abbas
1498 905 1538 988 in
1559 915 1716 1004 nostra
1737 909 1962 1014 presencia
1984 937 2100 994 com-

428 1031 631 1142 parendo.
673 1029 808 1111 hoc
797 1051 936 1136 rpsum
979 1053 1030 1107 ex
1069 1026 1236 1136 integro
1277 1026 1530 1136 recognouit
1571 1024 1773 1106 Adiciens
1806 1025 2098 1124 nichilominus
2149 1117 2152 1124 ,

429 1149 546 1260 quod
568 1145 797 1256 aliquando
820 1143 964 1224 rodseu
989 1144 1148 1224 dietam
1168 1141 1308 1224 villam
1332 1169 1414 1252 que
1437 1141 1651 1278 adipsum
1677 1142 1881 1226 abbatem
1904 1145 2096 1253 pertinet,

427 1293 529 1374 sepe
552 1265 655 1348 dicti
675 1263 866 1344 homines
889 1264 1030 1342 castri.
1052 1261 1171 1342 mixti
1192 1260 1279 1340 suis
1301 1259 1575 1342 incolebant
1564 1263 1747 1342 invicem
1779 1271 2099 1346 commanentes

426 1361 681 1468 hominibus.
719 1407 867 1463 verum
887 1405 942 1460 ne
963 1381 1072 1459 inter
1106 1378 1224 1486 ipsos
1257 1386 1300 1458 et
1330 1403 1430 1461 suos
1453 1378 1659 1461 homines
1695 1381 1851 1462 scisma
1889 1380 2097 1464 discordie

426 1503 563 1610 possit
584 1499 853 1610 aliquatenus
876 1497 1082 1606 generari.
1104 1499 1194 1603 ipse
1219 1493 1357 1578 abbas
1378 1523 1487 1695 prop
1488 1505 1552 1577 ter
1571 1499 1691 1604 pacis
1714 1497 1884 1580 bonum.
1908 1497 2103 1594 homines

348 1657 357 1668 r
426 1621 687 1756 pertinentes
724 1615 869 1699 broner
907 1617 1021 1696 esuis
1043 1608 1284 1696 hominibus
1305 1615 1505 1698 semouit
1497 1677 1506 1718 ,
1528 1641 1606 1724 pro
1626 1616 1819 1722 ipsorum
1836 1625 1948 1698 terra
1968 1643 2098 1726 quam

428 1738 611 1818 indicta
629 1733 728 1817 villa
743 1733 913 1824 rodesoo
933 1731 1213 1840 possidebant
1243 1757 1319 1840 per
1351 1729 1526 1814 formam
1560 1735 1908 1822 commutacionis
1944 1744 2099 1816 terrem

431 1855 553 1936 aliam
575 1880 651 1960 pro
672 1849 986 1934 inhabitacione
1009 1861 1052 1931 et
1073 1849 1191 1961 agris
1222 1849 1421 1956 ipsorum.
1453 1849 1527 1934 vbi
1548 1879 1660 1931 nunc
1695 1837 1917 1934 Coronant
1949 1852 2100 1942 dieitur

429 1971 729 2054 commutando
751 1971 793 2048 in
814 1977 1078 2076 perpetuum.
1111 1966 1482 2077 promittendoque
1516 1967 1595 2049 sub
1628 1968 1894 2079 obligacionc
1918 1979 2100 2054 eostam
2133 2011 2136 2024 ·

310 2127 313 2136 ·
399 2089 485 2174 ‚ab
508 2088 667 2170 abbate
690 2087 742 2168 de
767 2083 944 2167 Clu'rr'clr:
975 2095 1121 2194 aparte
1161 2081 1438 2194 Moprluneusr'.
1472 2113 1602 2196 quam
1635 2086 1690 2168 ab
1723 2087 1815 2168 aliis
1848 2088 2098 2170 aduersariis

428 2205 632 2310 exaltera3
656 2207 690 2286 si
714 2208 788 2314 qui
810 2227 882 2284 eos
903 2203 1197 2302 infestauerint
1227 2228 1356 2310 super
1385 2205 1580 2309 predicta
1610 2217 1721 2286 terra
1739 2233 1884 2316 quam
1916 2208 1976 2288 eis
1998 2233 2100 2295 con·
2196 2269 2203 2280 .

427 2325 522 2407 tulit
563 2325 781 2406 defensare
825 2319 933 2431 (sic):
986 2321 1037 2406 In
1073 2335 1201 2429 super
1236 2319 1350 2402 idem
1387 2320 1521 2402 abbas
1559 2325 1812 2434 recognou'it
1841 2349 1941 2431 sepe
1975 2325 2100 2406 dietis

429 2443 670 2526 hominibus
693 2439 809 2551 quod
825 2449 912 2519 tam
928 2439 1152 2521 in-rudesoo
1170 2465 1298 2548 quam
1315 2438 1357 2517 in
1374 2463 1453 2520 sua
1468 2439 1566 2522 uilla
1582 2467 1667 2526 uon
1685 2440 1955 2525 obstantibus
1978 2443 2099 2526 dictis

428 2559 643 2642 limitibus.
675 2554 982 2641 vsumfruetum
1015 2583 1268 2668 pascuorum
1292 2565 1335 2638 et
1354 2557 1540 2639 omnium
1571 2559 1746 2642 aliorum
1779 2585 1947 2669 semper
1965 2561 2101 2643 habe-

428 2687 522 2760 rent
541 2677 718 2760 liberam
739 2685 1008 2784 potestatem.
1047 2673 1143 2758 Hoc
1168 2683 1347 2782 excepto
1370 2675 1488 2782 quod
1510 2701 1636 2786 agros
1660 2679 1842 2761 arandos
1864 2705 1939 2758 seu
1960 2679 2102 2761 colen·
2143 2699 2147 2706 ·
2177 2727 2184 2736 ·

428 2795 506 2878 dos
529 2797 629 2878 dicti
652 2795 822 2878 abbatis
844 2807 1118 2905 nequaquam
1149 2793 1260 2876 idem
1298 2792 1490 2876 homines
1511 2819 1558 2874 se
1578 2795 1858 2880 intromittent
1877 2823 2024 2878 verum
2046 2823 2099 2878 ne

430 2914 608 2996 eandem
629 2914 983 3024 recognicionem.
1002 2937 1103 3019 sepe
1128 2909 1228 2991 dicti
1246 2909 1419 2994 abbatis
1441 2914 1578 3019 possit
1599 2911 1837 3023 aliquorum
1859 2914 2100 3022 calumpnia

428 3032 473 3114 in
492 3041 709 3138 posterum
729 3031 965 3168 prepedire.
998 3027 1149 3112 anobis
1171 3027 1283 3110 idem
1303 3029 1495 3114 homines
1526 3032 1759 3138 pecierunt,
1779 3041 1828 3112 ut
1848 3057 1975 3139 snper
2006 3035 2100 3139 ipsa

428 3149 727 3259 recognioione
757 3149 801 3228 in
821 3147 953 3254 ipsius
984 3146 1114 3230 robur
1147 3157 1353 3254 perpetue
1391 3147 1600 3229 firmitatis
1635 3148 1793 3232 litteras
1829 3149 2172 3246 donaremus..

428 3267 518 3350 Nos
539 3268 717 3375 itaque
705 3293 841 3375 1psam
863 3267 1203 3373 recognicionem
1227 3267 1423 3376 exigente
1445 3265 1615 3348 iusticia
1645 3295 1720 3376 per
1751 3277 1917 3351 nostras
1938 3269 2100 3358 litteras

349 3392 360 3401 ''
430 3383 727 3468 confirmamus
764 3393 905 3467 nostro
942 3382 1077 3493 sigillo
1113 3381 1363 3467 roboratas..
1416 3381 1527 3465 Acta
1559 3395 1701 3468 autem
1723 3395 1788 3470 est
1807 3387 2035 3470 renouacio
2058 3395 2100 3468 et

429 3501 699 3607 confirmacio
735 3501 948 3584 Lestcone
983 3511 1191 3610 regnante
1227 3503 1352 3582 huius
1388 3501 1611 3612 priuilegij.
1664 3501 1781 3583 Ab
1769 3531 1811 3584 m
1849 3505 2100 3587 carnarione

428 3597 573 3758 verbip
590 3621 728 3704 Anno.
752 3615 827 3704 M⁰.
844 3615 979 3704 0⁰0⁰.
997 3611 1238 3704 LX⁰X⁰X⁰.
1258 3618 1352 3702 Vll.
1375 3621 1677 3727 presentibus
1666 3630 1721 3700 rst
1722 3622 1768 3702 is.
1814 3617 2003 3718 Quorum
2024 3649 2099 3704 no-

427 3741 542 3820 mina
562 3739 606 3818 in
627 3739 708 3822 hoo
731 3726 862 3848 script
859 3765 887 3821 0
910 3765 992 3821 con
994 3741 1177 3820 tinentur
1200 3735 1355 3836 Come's
1377 3737 1493 3820 sulco
1517 3737 1780 3821 Castellanus
1799 3736 2098 3826 Oracouiensis

382 3961 385 3972 .
428 3881 645 3992 ymramus
666 3865 843 3939 venator
865 3853 1161 3940 Oracouiensis
1184 3855 1214 3938 ,J
1217 3855 1406 3939 ohannes
1427 3854 1607 3940 bobroui
1630 3881 1709 3939 voc
1732 3853 1983 3968 (vocatus‘l)
2007 3856 2100 3966 glo-

428 3974 512 4056 vni.
535 3971 728 4055 Michael.
751 3973 968 4080 bochepor
989 3973 1061 4082 filij
1083 3975 1237 4082 Radnj.
1269 3973 1429 4056 Datum
1450 3999 1676 4082 permanus
1693 3973 1867 4082 philippi
1885 3974 1965 4056 sub
1984 3973 2099 4058 Oan-

430 4089 586 4201 cellarij
610 4088 906 4198 Oracouiensis
929 4101 972 4174 et
994 4089 1360 4176 Sanrlomiriensis.
1385 4087 1479 4174 XV.
1502 4091 1707 4175 kalendas
1729 4092 1844 4203 dulij.
2178 4095 2186 4105 '
