<?xml version="1.0" encoding="UTF-8"?>
<!DOCTYPE html PUBLIC "-//W3C//DTD XHTML 1.0 Transitional//EN"
    "http://www.w3.org/TR/xhtml1/DTD/xhtml1-transitional.dtd">
<html xmlns="http://www.w3.org/1999/xhtml" xml:lang="en" lang="en">
 <head>
  <title>
</title>
<meta http-equiv="Content-Type" content="text/html;charset=utf-8" />
  <meta name='ocr-system' content='tesseract 3.04.00' />
  <meta name='ocr-capabilities' content='ocr_page ocr_carea ocr_par ocr_line ocrx_word'/>
</head>
<body>
  <div class='ocr_page' id='page_1' title='image "./codexdiplomatic00bartgoog_0364.png"; bbox 0 0 4822 5924; ppageno 0'>
   <div class='ocr_carea' id='block_1_1' title="bbox 1127 659 1401 735">
    <p class='ocr_par' dir='ltr' id='par_1_1' title="bbox 1127 659 1401 735">
     <span class='ocr_line' id='line_1_1' title="bbox 1127 659 1401 735; baseline -0.004 0"><span class='ocrx_word' id='word_1_1' title='bbox 1127 659 1401 735; x_wconf 76' lang='grc'>-330-</span> 
     </span>
    </p>
   </div>
   <div class='ocr_carea' id='block_1_2' title="bbox 614 1107 1858 1505">
    <p class='ocr_par' dir='ltr' id='par_1_2' title="bbox 614 1107 1858 1505">
     <span class='ocr_line' id='line_1_2' title="bbox 1113 1107 1367 1226; baseline -0.012 0"><span class='ocrx_word' id='word_1_2' title='bbox 1113 1107 1118 1116; x_wconf 84' lang='grc'>’</span> <span class='ocrx_word' id='word_1_3' title='bbox 1171 1107 1367 1226; x_wconf 75' lang='lat' dir='ltr'><strong>CLXVI.</strong></span> 
     </span>
     <span class='ocr_line' id='line_1_3' title="bbox 614 1361 1858 1505; baseline -0.004 -53"><span class='ocrx_word' id='word_1_4' title='bbox 614 1437 617 1452; x_wconf 92' lang='grc'>,</span> <span class='ocrx_word' id='word_1_5' title='bbox 672 1365 1146 1451; x_wconf 71' lang='lat' dir='ltr'><strong>cracoviae-dle</strong></span> <span class='ocrx_word' id='word_1_6' title='bbox 1162 1367 1231 1451; x_wconf 83' lang='grc'><strong>18</strong></span> <span class='ocrx_word' id='word_1_7' title='bbox 1254 1364 1508 1498; x_wconf 69' lang='lat' dir='ltr'><strong>Octobris</strong></span> <span class='ocrx_word' id='word_1_8' title='bbox 1523 1361 1674 1451; x_wconf 77' lang='lat'>1³84</span> <span class='ocrx_word' id='word_1_9' title='bbox 1693 1383 1858 1505; x_wconf 77' lang='lat' dir='ltr'><strong>dono.</strong></span> 
     </span>
    </p>
   </div>
   <div class='ocr_carea' id='block_1_3' title="bbox 436 1582 2094 1974">
    <p class='ocr_par' dir='ltr' id='par_1_3' title="bbox 436 1575 2094 1974">
     <span class='ocr_line' id='line_1_4' title="bbox 436 1582 2092 1679; baseline 0 -19"><span class='ocrx_word' id='word_1_10' title='bbox 436 1585 685 1675; x_wconf 60' lang='lat' dir='ltr'><strong>nervosus</strong></span> <span class='ocrx_word' id='word_1_11' title='bbox 701 1587 966 1679; x_wconf 67' lang='lat' dir='ltr'><strong>regnaremus,</strong></span> <span class='ocrx_word' id='word_1_12' title='bbox 981 1585 1324 1677; x_wconf 74' lang='lat' dir='ltr'><strong>rrlrrmrorraturis</strong></span> <span class='ocrx_word' id='word_1_13' title='bbox 1338 1585 1468 1676; x_wconf 73' lang='lat' dir='ltr'><strong>aliisquo</strong></span> <span class='ocrx_word' id='word_1_14' title='bbox 1482 1583 1662 1661; x_wconf 76' lang='lat' dir='ltr'><strong>officialibus</strong></span> <span class='ocrx_word' id='word_1_15' title='bbox 1676 1582 2092 1677; x_wconf 62' lang='lat' dir='ltr'><strong>repromissorem</strong></span> 
     </span>
     <span class='ocr_line' id='line_1_5' title="bbox 436 1685 2093 1780; baseline -0.003 -15"><span class='ocrx_word' id='word_1_16' title='bbox 436 1690 653 1765; x_wconf 70' lang='lat' dir='ltr'><strong>mimorum</strong></span> <span class='ocrx_word' id='word_1_17' title='bbox 675 1692 789 1779; x_wconf 73' lang='lat' dir='ltr'><strong>sudala</strong></span> <span class='ocrx_word' id='word_1_18' title='bbox 806 1689 920 1767; x_wconf 80' lang='lat' dir='ltr'><strong>dotum</strong></span> <span class='ocrx_word' id='word_1_19' title='bbox 935 1689 1095 1765; x_wconf 78' lang='lat' dir='ltr'><strong>haustro</strong></span> <span class='ocrx_word' id='word_1_20' title='bbox 1109 1689 1201 1762; x_wconf 79' lang='lat' dir='ltr'><strong>villos</strong></span> <span class='ocrx_word' id='word_1_21' title='bbox 1214 1691 1415 1771; x_wconf 73' lang='lat' dir='ltr'><strong>Jauuszowa,</strong></span> <span class='ocrx_word' id='word_1_22' title='bbox 1437 1687 1536 1761; x_wconf 76' lang='lat' dir='ltr'><strong>rods</strong></span> <span class='ocrx_word' id='word_1_23' title='bbox 1552 1685 1677 1780; x_wconf 79' lang='lat' dir='ltr'><strong>judiciis</strong></span> <span class='ocrx_word' id='word_1_24' title='bbox 1698 1692 1860 1760; x_wconf 75' lang='lat' dir='ltr'><strong>rounam</strong></span> <span class='ocrx_word' id='word_1_25' title='bbox 1879 1685 2093 1776; x_wconf 71' lang='lat' dir='ltr'><strong>uolutaui</strong></span> 
     </span>
     <span class='ocr_line' id='line_1_6' title="bbox 438 1789 2094 1974; baseline -0.005 -106"><span class='ocrx_word' id='word_1_26' title='bbox 438 1793 552 1868; x_wconf 73' lang='lat' dir='ltr'><strong>aunon</strong></span> <span class='ocrx_word' id='word_1_27' title='bbox 567 1791 783 1866; x_wconf 76' lang='lat' dir='ltr'><strong>nudarentur</strong></span> <span class='ocrx_word' id='word_1_28' title='bbox 796 1793 828 1866; x_wconf 87' lang='lat' dir='ltr'><strong>iu</strong></span> <span class='ocrx_word' id='word_1_29' title='bbox 842 1794 944 1867; x_wconf 81' lang='lat' dir='ltr'><strong>oruru</strong></span> <span class='ocrx_word' id='word_1_30' title='bbox 968 1791 1459 1974; x_wconf 44' lang='lat' dir='ltr'><strong>cortratpppffippoppppffipp</strong></span> <span class='ocrx_word' id='word_1_31' title='bbox 1490 1789 1585 1862; x_wconf 71' lang='lat' dir='ltr'><strong>villar</strong></span> <span class='ocrx_word' id='word_1_32' title='bbox 1600 1791 1911 1888; x_wconf 68' lang='lat' dir='ltr'><strong>rdrnJanosawa</strong></span> <span class='ocrx_word' id='word_1_33' title='bbox 1926 1789 2094 1882; x_wconf 75' lang='lat' dir='ltr'><strong>ragiuajur</strong></span> 
     </span>
    </p>
   </div>
   <div class='ocr_carea' id='block_1_4' title="bbox 428 2089 2093 2568">
    <p class='ocr_par' dir='ltr' id='par_1_4' title="bbox 428 2089 2093 2568">
     <span class='ocr_line' id='line_1_7' title="bbox 539 2089 2093 2214; baseline -0.003 -30"><span class='ocrx_word' id='word_1_34' title='bbox 539 2101 748 2213; x_wconf 82' lang='lat' dir='ltr'><strong>Hedvigis</strong></span> <span class='ocrx_word' id='word_1_35' title='bbox 770 2101 851 2184; x_wconf 90' lang='lat' dir='ltr'><strong>Dei</strong></span> <span class='ocrx_word' id='word_1_36' title='bbox 873 2089 1018 2214; x_wconf 84' lang='lat' dir='ltr'><strong>gracia</strong></span> <span class='ocrx_word' id='word_1_37' title='bbox 1039 2099 1206 2214; x_wconf 84' lang='lat' dir='ltr'><strong>Regina</strong></span> <span class='ocrx_word' id='word_1_38' title='bbox 1226 2099 1418 2202; x_wconf 88' lang='lat' dir='ltr'><strong>Polonie,</strong></span> <span class='ocrx_word' id='word_1_39' title='bbox 1441 2106 1716 2184; x_wconf 73' lang='lat' dir='ltr'><strong>creterrarum</strong></span> <span class='ocrx_word' id='word_1_40' title='bbox 1739 2095 1962 2194; x_wconf 62' lang='lat' dir='ltr'><strong>(draconis,</strong></span> <span class='ocrx_word' id='word_1_41' title='bbox 1986 2097 2093 2184; x_wconf 87' lang='lat' dir='ltr'><strong>San·</strong></span> 
     </span>
     <span class='ocr_line' id='line_1_8' title="bbox 437 2217 2092 2330; baseline -0.002 -26"><span class='ocrx_word' id='word_1_42' title='bbox 437 2221 609 2304; x_wconf 87' lang='lat' dir='ltr'><strong>domirie</strong></span> <span class='ocrx_word' id='word_1_43' title='bbox 634 2229 715 2306; x_wconf 90' lang='lat' dir='ltr'><strong>etc.</strong></span> <span class='ocrx_word' id='word_1_44' title='bbox 738 2220 941 2303; x_wconf 57' lang='lat' dir='ltr'><strong>Domina,</strong></span> <span class='ocrx_word' id='word_1_45' title='bbox 978 2220 1219 2330; x_wconf 82' lang='lat' dir='ltr'><strong>Magnificis</strong></span> <span class='ocrx_word' id='word_1_46' title='bbox 1243 2231 1286 2302; x_wconf 92' lang='lat' dir='ltr'><strong>et</strong></span> <span class='ocrx_word' id='word_1_47' title='bbox 1307 2219 1516 2304; x_wconf 90' lang='lat' dir='ltr'><strong>nobilibus</strong></span> <span class='ocrx_word' id='word_1_48' title='bbox 1538 2221 1647 2304; x_wconf 90' lang='lat' dir='ltr'><strong>viris:</strong></span> <span class='ocrx_word' id='word_1_49' title='bbox 1680 2217 1901 2324; x_wconf 91' lang='lat' dir='ltr'><strong>Palatinis,</strong></span> <span class='ocrx_word' id='word_1_50' title='bbox 1924 2217 2092 2303; x_wconf 81' lang='lat' dir='ltr'><strong>Castel-</strong></span> 
     </span>
     <span class='ocr_line' id='line_1_9' title="bbox 428 2335 2092 2447; baseline -0.002 -26"><span class='ocrx_word' id='word_1_51' title='bbox 428 2337 560 2444; x_wconf 60' lang='lat' dir='ltr'><strong>&#39;lania</strong></span> <span class='ocrx_word' id='word_1_52' title='bbox 582 2335 830 2442; x_wconf 81' lang='lat' dir='ltr'><strong>Judicibus,</strong></span> <span class='ocrx_word' id='word_1_53' title='bbox 852 2338 1144 2433; x_wconf 81' lang='lat' dir='ltr'><strong>subindicibus</strong></span> <span class='ocrx_word' id='word_1_54' title='bbox 1167 2351 1210 2422; x_wconf 88' lang='lat' dir='ltr'><strong>et</strong></span> <span class='ocrx_word' id='word_1_55' title='bbox 1231 2339 1455 2447; x_wconf 85' lang='lat' dir='ltr'>quibusvis</span> <span class='ocrx_word' id='word_1_56' title='bbox 1478 2337 1816 2422; x_wconf 81' lang='lat' dir='ltr'><strong>ministerialibus</strong></span> <span class='ocrx_word' id='word_1_57' title='bbox 1841 2348 1882 2418; x_wconf 90' lang='lat' dir='ltr'><strong>et</strong></span> <span class='ocrx_word' id='word_1_58' title='bbox 1902 2337 2092 2422; x_wconf 86' lang='lat' dir='ltr'><strong>officiali-</strong></span> 
     </span>
     <span class='ocr_line' id='line_1_10' title="bbox 436 2449 2093 2568; baseline -0.002 -26"><span class='ocrx_word' id='word_1_59' title='bbox 436 2460 517 2542; x_wconf 85' lang='lat' dir='ltr'><strong>bus</strong></span> <span class='ocrx_word' id='word_1_60' title='bbox 539 2459 669 2566; x_wconf 91' lang='lat' dir='ltr'><strong>ipsius</strong></span> <span class='ocrx_word' id='word_1_61' title='bbox 690 2449 831 2568; x_wconf 81' lang='lat' dir='ltr'><strong>Regni</strong></span> <span class='ocrx_word' id='word_1_62' title='bbox 851 2459 981 2541; x_wconf 79' lang='lat' dir='ltr'><strong>nostri</strong></span> <span class='ocrx_word' id='word_1_63' title='bbox 1012 2455 1187 2544; x_wconf 46' lang='lat' dir='ltr'><strong>Polonie‘</strong></span> <span class='ocrx_word' id='word_1_64' title='bbox 1204 2487 1255 2540; x_wconf 90' lang='lat' dir='ltr'><strong>ac</strong></span> <span class='ocrx_word' id='word_1_65' title='bbox 1278 2457 1504 2542; x_wconf 83' lang='lat' dir='ltr'><strong>Terrarum</strong></span> <span class='ocrx_word' id='word_1_66' title='bbox 1536 2457 1870 2566; x_wconf 87' lang='lat' dir='ltr'><strong>supradictarum</strong></span> <span class='ocrx_word' id='word_1_67' title='bbox 1904 2453 2093 2541; x_wconf 78' lang='lat' dir='ltr'>Salutem</span> 
     </span>
    </p>
   </div>
   <div class='ocr_carea' id='block_1_5' title="bbox 307 2575 2094 2688">
    <p class='ocr_par' dir='ltr' id='par_1_5' title="bbox 307 2575 2094 2688">
     <span class='ocr_line' id='line_1_11' title="bbox 307 2575 2094 2688; baseline -0.001 -29"><span class='ocrx_word' id='word_1_68' title='bbox 307 2577 311 2586; x_wconf 81' lang='grc'><strong>’</strong></span> <span class='ocrx_word' id='word_1_69' title='bbox 438 2585 481 2659; x_wconf 90' lang='lat' dir='ltr'><strong>et</strong></span> <span class='ocrx_word' id='word_1_70' title='bbox 502 2575 704 2688; x_wconf 81' lang='lat' dir='ltr'><strong>grabiam.</strong></span> <span class='ocrx_word' id='word_1_71' title='bbox 755 2577 826 2658; x_wconf 85' lang='lat' dir='ltr'><strong>Ad</strong></span> <span class='ocrx_word' id='word_1_72' title='bbox 846 2587 1030 2659; x_wconf 88' lang='lat' dir='ltr'><strong>vestram</strong></span> <span class='ocrx_word' id='word_1_73' title='bbox 1052 2587 1095 2659; x_wconf 90' lang='lat' dir='ltr'><strong>et</strong></span> <span class='ocrx_word' id='word_1_74' title='bbox 1116 2577 1339 2662; x_wconf 86' lang='lat' dir='ltr'><strong>cuiuslibet</strong></span> <span class='ocrx_word' id='word_1_75' title='bbox 1358 2593 1545 2661; x_wconf 82' lang='lat' dir='ltr'><strong>vestrum</strong></span> <span class='ocrx_word' id='word_1_76' title='bbox 1567 2589 1710 2661; x_wconf 90' lang='lat' dir='ltr'><strong>tenore</strong></span> <span class='ocrx_word' id='word_1_77' title='bbox 1733 2578 1998 2688; x_wconf 89' lang='lat' dir='ltr'><strong>presencium</strong></span> <span class='ocrx_word' id='word_1_78' title='bbox 2021 2575 2094 2658; x_wconf 90' lang='lat' dir='ltr'><strong>de·</strong></span> 
     </span>
    </p>
   </div>
   <div class='ocr_carea' id='block_1_6' title="bbox 435 2692 2094 3878">
    <p class='ocr_par' dir='ltr' id='par_1_6' title="bbox 435 2692 2094 3878">
     <span class='ocr_line' id='line_1_12' title="bbox 438 2692 2092 2810; baseline -0.002 -33"><span class='ocrx_word' id='word_1_79' title='bbox 438 2695 630 2778; x_wconf 83' lang='lat' dir='ltr'><strong>duoimus</strong></span> <span class='ocrx_word' id='word_1_80' title='bbox 652 2697 867 2798; x_wconf 79' lang='lat' dir='ltr'><strong>noticiam,</strong></span> <span class='ocrx_word' id='word_1_81' title='bbox 887 2695 1002 2804; x_wconf 89' lang='lat' dir='ltr'><strong>quod</strong></span> <span class='ocrx_word' id='word_1_82' title='bbox 1019 2698 1058 2778; x_wconf 91' lang='lat' dir='ltr'><strong>in</strong></span> <span class='ocrx_word' id='word_1_83' title='bbox 1082 2709 1224 2780; x_wconf 87' lang='lat' dir='ltr'><strong>nostre</strong></span> <span class='ocrx_word' id='word_1_84' title='bbox 1247 2697 1506 2778; x_wconf 84' lang='lat' dir='ltr'><strong>celsitudinis</strong></span> <span class='ocrx_word' id='word_1_85' title='bbox 1529 2698 1733 2779; x_wconf 87' lang='lat' dir='ltr'><strong>constitus</strong></span> <span class='ocrx_word' id='word_1_86' title='bbox 1757 2692 1853 2808; x_wconf 86' lang='lat' dir='ltr'><strong>(sic)</strong></span> <span class='ocrx_word' id='word_1_87' title='bbox 1871 2697 2092 2810; x_wconf 83' lang='lat' dir='ltr'><strong>presencia</strong></span> 
     </span>
     <span class='ocr_line' id='line_1_13' title="bbox 435 2811 2093 2927; baseline -0.002 -30"><span class='ocrx_word' id='word_1_88' title='bbox 435 2815 635 2926; x_wconf 80' lang='lat' dir='ltr'><strong>providus</strong></span> <span class='ocrx_word' id='word_1_89' title='bbox 657 2816 718 2896; x_wconf 91' lang='lat' dir='ltr'><strong>vir</strong></span> <span class='ocrx_word' id='word_1_90' title='bbox 732 2811 1102 2927; x_wconf 76' lang='lat' dir='ltr'><strong>Sydalo(²),fidelis</strong></span> <span class='ocrx_word' id='word_1_91' title='bbox 1127 2815 1241 2901; x_wconf 79' lang='lat' dir='ltr'><strong>Civis</strong></span> <span class='ocrx_word' id='word_1_92' title='bbox 1263 2825 1406 2899; x_wconf 90' lang='lat' dir='ltr'><strong>noster</strong></span> <span class='ocrx_word' id='word_1_93' title='bbox 1429 2815 1906 2919; x_wconf 83' lang='lat' dir='ltr'><strong>Surrdacueusis,nostro</strong></span> <span class='ocrx_word' id='word_1_94' title='bbox 1924 2813 2093 2896; x_wconf 91' lang='lat' dir='ltr'><strong>culmini</strong></span> 
     </span>
     <span class='ocr_line' id='line_1_14' title="bbox 439 2931 2090 3044; baseline -0.002 -28"><span class='ocrx_word' id='word_1_95' title='bbox 439 2937 651 3042; x_wconf 81' lang='lat' dir='ltr'><strong>exposuit,</strong></span> <span class='ocrx_word' id='word_1_96' title='bbox 674 2935 790 3044; x_wconf 90' lang='lat' dir='ltr'><strong>quod</strong></span> <span class='ocrx_word' id='word_1_97' title='bbox 809 2934 909 3016; x_wconf 87' lang='lat' dir='ltr'><strong>licet</strong></span> <span class='ocrx_word' id='word_1_98' title='bbox 928 2936 1020 3044; x_wconf 88' lang='lat' dir='ltr'><strong>ipse</strong></span> <span class='ocrx_word' id='word_1_99' title='bbox 1041 2935 1181 3017; x_wconf 91' lang='lat' dir='ltr'><strong>villam</strong></span> <span class='ocrx_word' id='word_1_100' title='bbox 1216 2933 1373 3016; x_wconf 91' lang='lat' dir='ltr'><strong>dictam</strong></span> <span class='ocrx_word' id='word_1_101' title='bbox 1406 2933 1677 3033; x_wconf 71' lang='lat' dir='ltr'><strong>Jerusalem,</strong></span> <span class='ocrx_word' id='word_1_102' title='bbox 1716 2933 1817 3015; x_wconf 89' lang='lat' dir='ltr'><strong>alias</strong></span> <span class='ocrx_word' id='word_1_103' title='bbox 1841 2931 2090 3042; x_wconf 74' lang='lat' dir='ltr'><strong>Sororesclzpa</strong></span> 
     </span>
     <span class='ocr_line' id='line_1_15' title="bbox 436 3044 2094 3164; baseline -0.001 -30"><span class='ocrx_word' id='word_1_104' title='bbox 436 3065 745 3160; x_wconf 88' lang='lat' dir='ltr'><strong>nuncupatam,</strong></span> <span class='ocrx_word' id='word_1_105' title='bbox 778 3055 901 3134; x_wconf 86' lang='lat' dir='ltr'><strong>certis</strong></span> <span class='ocrx_word' id='word_1_106' title='bbox 933 3055 1206 3162; x_wconf 82' lang='lat' dir='ltr'><strong>pecuniarum</strong></span> <span class='ocrx_word' id='word_1_107' title='bbox 1238 3044 1409 3135; x_wconf 88' lang='lat' dir='ltr'><strong>summis</strong></span> <span class='ocrx_word' id='word_1_108' title='bbox 1432 3053 1619 3164; x_wconf 82' lang='lat' dir='ltr'><strong>legitime</strong></span> <span class='ocrx_word' id='word_1_109' title='bbox 1643 3064 1947 3162; x_wconf 77' lang='lat' dir='ltr'><strong>comparasset,</strong></span> <span class='ocrx_word' id='word_1_110' title='bbox 1968 3059 2094 3160; x_wconf 86' lang='lat' dir='ltr'><strong>prout</strong></span> 
     </span>
     <span class='ocr_line' id='line_1_16' title="bbox 436 3171 2092 3280; baseline 0.001 -30"><span class='ocrx_word' id='word_1_111' title='bbox 436 3171 479 3250; x_wconf 90' lang='lat' dir='ltr'><strong>in</strong></span> <span class='ocrx_word' id='word_1_112' title='bbox 501 3171 587 3252; x_wconf 90' lang='lat' dir='ltr'><strong>suis</strong></span> <span class='ocrx_word' id='word_1_113' title='bbox 618 3171 739 3252; x_wconf 89' lang='lat' dir='ltr'><strong>metis</strong></span> <span class='ocrx_word' id='word_1_114' title='bbox 771 3179 814 3252; x_wconf 87' lang='lat' dir='ltr'><strong>et</strong></span> <span class='ocrx_word' id='word_1_115' title='bbox 844 3172 1096 3254; x_wconf 86' lang='lat' dir='ltr'><strong>adiacenciis</strong></span> <span class='ocrx_word' id='word_1_116' title='bbox 1135 3173 1294 3254; x_wconf 87' lang='lat' dir='ltr'><strong>dudum</strong></span> <span class='ocrx_word' id='word_1_117' title='bbox 1327 3173 1380 3254; x_wconf 89' lang='lat' dir='ltr'><strong>sit</strong></span> <span class='ocrx_word' id='word_1_118' title='bbox 1413 3171 1642 3280; x_wconf 86' lang='lat' dir='ltr'><strong>descripta,</strong></span> <span class='ocrx_word' id='word_1_119' title='bbox 1679 3173 1805 3256; x_wconf 84' lang='lat' dir='ltr'><strong>saluis</strong></span> <span class='ocrx_word' id='word_1_120' title='bbox 1841 3181 1982 3254; x_wconf 85' lang='lat' dir='ltr'><strong>tamen</strong></span> <span class='ocrx_word' id='word_1_121' title='bbox 2019 3198 2092 3252; x_wconf 86' lang='lat' dir='ltr'><strong>sex</strong></span> 
     </span>
     <span class='ocr_line' id='line_1_17' title="bbox 436 3287 2093 3402; baseline 0.001 -33"><span class='ocrx_word' id='word_1_122' title='bbox 436 3291 589 3370; x_wconf 90' lang='lat' dir='ltr'><strong>marcis</strong></span> <span class='ocrx_word' id='word_1_123' title='bbox 621 3287 950 3394; x_wconf 89' lang='lat' dir='ltr'><strong>Polonicalibus,</strong></span> <span class='ocrx_word' id='word_1_124' title='bbox 983 3315 1090 3400; x_wconf 88' lang='lat' dir='ltr'><strong>quas</strong></span> <span class='ocrx_word' id='word_1_125' title='bbox 1123 3291 1297 3402; x_wconf 79' lang='lat' dir='ltr'><strong>singulis</strong></span> <span class='ocrx_word' id='word_1_126' title='bbox 1330 3293 1447 3372; x_wconf 92' lang='lat' dir='ltr'><strong>annis</strong></span> <span class='ocrx_word' id='word_1_127' title='bbox 1470 3291 1525 3372; x_wconf 90' lang='lat' dir='ltr'><strong>ad</strong></span> <span class='ocrx_word' id='word_1_128' title='bbox 1546 3291 1697 3373; x_wconf 87' lang='lat' dir='ltr'><strong>fiscum</strong></span> <span class='ocrx_word' id='word_1_129' title='bbox 1718 3299 1904 3374; x_wconf 89' lang='lat' dir='ltr'><strong>nostrum</strong></span> <span class='ocrx_word' id='word_1_130' title='bbox 1925 3290 2093 3400; x_wconf 81' lang='lat' dir='ltr'><strong>regium</strong></span> 
     </span>
     <span class='ocr_line' id='line_1_18' title="bbox 436 3407 2092 3522; baseline 0.001 -34"><span class='ocrx_word' id='word_1_131' title='bbox 436 3407 598 3491; x_wconf 88' lang='lat' dir='ltr'><strong>solvere</strong></span> <span class='ocrx_word' id='word_1_132' title='bbox 623 3411 859 3512; x_wconf 86' lang='lat' dir='ltr'><strong>consuevit,</strong></span> <span class='ocrx_word' id='word_1_133' title='bbox 882 3409 936 3490; x_wconf 89' lang='lat' dir='ltr'><strong>ab</strong></span> <span class='ocrx_word' id='word_1_134' title='bbox 960 3407 1049 3518; x_wconf 86' lang='lat' dir='ltr'><strong>alijs</strong></span> <span class='ocrx_word' id='word_1_135' title='bbox 1072 3410 1379 3522; x_wconf 81' lang='lat' dir='ltr'><strong>exactionibus,</strong></span> <span class='ocrx_word' id='word_1_136' title='bbox 1403 3410 1708 3513; x_wconf 86' lang='lat' dir='ltr'><strong>solucionibus,</strong></span> <span class='ocrx_word' id='word_1_137' title='bbox 1731 3409 1930 3517; x_wconf 87' lang='lat' dir='ltr'><strong>servicijs,</strong></span> <span class='ocrx_word' id='word_1_138' title='bbox 1958 3435 2092 3517; x_wconf 79' lang='lat' dir='ltr'><strong>anga-</strong></span> 
     </span>
     <span class='ocr_line' id='line_1_19' title="bbox 436 3527 2091 3642; baseline 0 -34"><span class='ocrx_word' id='word_1_139' title='bbox 436 3527 506 3608; x_wconf 88' lang='lat' dir='ltr'><strong>riis</strong></span> <span class='ocrx_word' id='word_1_140' title='bbox 529 3537 571 3609; x_wconf 87' lang='lat' dir='ltr'><strong>at</strong></span> <span class='ocrx_word' id='word_1_141' title='bbox 590 3527 871 3637; x_wconf 79' lang='lat' dir='ltr'><strong>perangariis,</strong></span> <span class='ocrx_word' id='word_1_142' title='bbox 911 3531 1092 3611; x_wconf 88' lang='lat' dir='ltr'><strong>inventis</strong></span> <span class='ocrx_word' id='word_1_143' title='bbox 1114 3541 1157 3610; x_wconf 83' lang='lat' dir='ltr'><strong>et</strong></span> <span class='ocrx_word' id='word_1_144' title='bbox 1175 3531 1455 3632; x_wconf 83' lang='lat' dir='ltr'><strong>inveniendis,</strong></span> <span class='ocrx_word' id='word_1_145' title='bbox 1494 3529 1820 3642; x_wconf 90' lang='lat' dir='ltr'><strong>quibuscunque</strong></span> <span class='ocrx_word' id='word_1_146' title='bbox 1853 3527 2091 3611; x_wconf 89' lang='lat' dir='ltr'><strong>nominibus</strong></span> 
     </span>
     <span class='ocr_line' id='line_1_20' title="bbox 440 3647 2091 3760; baseline 0.001 -33"><span class='ocrx_word' id='word_1_147' title='bbox 440 3653 710 3748; x_wconf 84' lang='lat' dir='ltr'><strong>censeantur,</strong></span> <span class='ocrx_word' id='word_1_148' title='bbox 732 3649 822 3756; x_wconf 88' lang='lat' dir='ltr'><strong>ipse</strong></span> <span class='ocrx_word' id='word_1_149' title='bbox 845 3655 887 3728; x_wconf 88' lang='lat' dir='ltr'><strong>et</strong></span> <span class='ocrx_word' id='word_1_150' title='bbox 907 3649 971 3729; x_wconf 91' lang='lat' dir='ltr'><strong>sui</strong></span> <span class='ocrx_word' id='word_1_151' title='bbox 991 3647 1166 3758; x_wconf 82' lang='lat' dir='ltr'><strong>legitimi</strong></span> <span class='ocrx_word' id='word_1_152' title='bbox 1182 3649 1357 3731; x_wconf 88' lang='lat' dir='ltr'><strong>heredes</strong></span> <span class='ocrx_word' id='word_1_153' title='bbox 1381 3675 1472 3730; x_wconf 89' lang='lat' dir='ltr'><strong>esse</strong></span> <span class='ocrx_word' id='word_1_154' title='bbox 1497 3647 1702 3752; x_wconf 89' lang='lat' dir='ltr'><strong>debcant,</strong></span> <span class='ocrx_word' id='word_1_155' title='bbox 1718 3657 1914 3760; x_wconf 88' lang='lat' dir='ltr'><strong>pretextu</strong></span> <span class='ocrx_word' id='word_1_156' title='bbox 1935 3671 2091 3728; x_wconf 89' lang='lat' dir='ltr'><strong>memo·</strong></span> 
     </span>
     <span class='ocr_line' id='line_1_21' title="bbox 438 3763 2090 3878; baseline -0.002 -30"><span class='ocrx_word' id='word_1_157' title='bbox 438 3776 528 3848; x_wconf 88' lang='lat' dir='ltr'><strong>rate</strong></span> <span class='ocrx_word' id='word_1_158' title='bbox 551 3765 666 3868; x_wconf 87' lang='lat' dir='ltr'><strong>villo,</strong></span> <span class='ocrx_word' id='word_1_159' title='bbox 687 3764 804 3848; x_wconf 92' lang='lat' dir='ltr'><strong>liberi</strong></span> <span class='ocrx_word' id='word_1_160' title='bbox 827 3775 869 3848; x_wconf 88' lang='lat' dir='ltr'><strong>et</strong></span> <span class='ocrx_word' id='word_1_161' title='bbox 888 3767 1111 3872; x_wconf 90' lang='lat' dir='ltr'><strong>immunes,</strong></span> <span class='ocrx_word' id='word_1_162' title='bbox 1134 3777 1176 3849; x_wconf 90' lang='lat' dir='ltr'><strong>et</strong></span> <span class='ocrx_word' id='word_1_163' title='bbox 1199 3769 1390 3876; x_wconf 87' lang='lat' dir='ltr'><strong>quamvis</strong></span> <span class='ocrx_word' id='word_1_164' title='bbox 1426 3765 1592 3878; x_wconf 88' lang='lat' dir='ltr'><strong>prefata</strong></span> <span class='ocrx_word' id='word_1_165' title='bbox 1627 3768 1724 3850; x_wconf 87' lang='lat' dir='ltr'><strong>villa</strong></span> <span class='ocrx_word' id='word_1_166' title='bbox 1756 3765 2011 3849; x_wconf 81' lang='lat' dir='ltr'><strong>Jooosctooa·</strong></span> <span class='ocrx_word' id='word_1_167' title='bbox 2040 3763 2090 3844; x_wconf 87' lang='lat' dir='ltr'><strong>de</strong></span> 
     </span>
    </p>
   </div>
   <div class='ocr_carea' id='block_1_7' title="bbox 439 4048 2093 4901">
    <p class='ocr_par' dir='ltr' id='par_1_7' title="bbox 439 4048 2093 4732">
     <span class='ocr_line' id='line_1_22' title="bbox 522 4048 2091 4200; baseline 0.001 -86"><span class='ocrx_word' id='word_1_168' title='bbox 522 4139 524 4147; x_wconf 25' lang='grc' dir='ltr'>Ι</span> <span class='ocrx_word' id='word_1_169' title='bbox 544 4050 582 4130; x_wconf 72' lang='lat'><strong>(¹)</strong></span> <span class='ocrx_word' id='word_1_170' title='bbox 607 4048 835 4197; x_wconf 50' lang='lat' dir='ltr'><strong>Apolpraphon</strong></span> <span class='ocrx_word' id='word_1_171' title='bbox 864 4051 1118 4200; x_wconf 68' lang='lat' dir='ltr'><strong>abepkowscio</strong></span> <span class='ocrx_word' id='word_1_172' title='bbox 1134 4049 1305 4117; x_wconf 84' lang='lat' dir='ltr'><strong>habuimus</strong></span> <span class='ocrx_word' id='word_1_173' title='bbox 1320 4051 1531 4137; x_wconf 80' lang='lat' dir='ltr'><strong>descriptum.</strong></span> <span class='ocrx_word' id='word_1_174' title='bbox 1566 4051 1692 4120; x_wconf 83' lang='lat' dir='ltr'><strong>Tabula</strong></span> <span class='ocrx_word' id='word_1_175' title='bbox 1709 4059 1895 4120; x_wconf 85' lang='lat' dir='ltr'><strong>asservatur</strong></span> <span class='ocrx_word' id='word_1_176' title='bbox 1909 4051 1943 4116; x_wconf 87' lang='lat' dir='ltr'><strong>in</strong></span> <span class='ocrx_word' id='word_1_177' title='bbox 1957 4050 2091 4118; x_wconf 86' lang='lat' dir='ltr'><strong>archivo</strong></span> 
     </span>
     <span class='ocr_line' id='line_1_23' title="bbox 441 4133 2092 4224; baseline -0.002 -23"><span class='ocrx_word' id='word_1_178' title='bbox 441 4134 555 4224; x_wconf 89' lang='lat' dir='ltr'><strong>oppidi</strong></span> <span class='ocrx_word' id='word_1_179' title='bbox 570 4133 648 4198; x_wconf 76' lang='lat' dir='ltr'><strong>dico</strong></span> <span class='ocrx_word' id='word_1_180' title='bbox 708 4159 771 4217; x_wconf 75' lang='lat' dir='ltr'><strong>owp</strong></span> <span class='ocrx_word' id='word_1_181' title='bbox 788 4133 872 4216; x_wconf 73' lang='lat' dir='ltr'><strong>Suro,</strong></span> <span class='ocrx_word' id='word_1_182' title='bbox 900 4133 943 4201; x_wconf 92' lang='lat' dir='ltr'><strong>ho</strong></span> <span class='ocrx_word' id='word_1_183' title='bbox 968 4137 996 4200; x_wconf 87' lang='lat' dir='ltr'><strong>ic</strong></span> <span class='ocrx_word' id='word_1_184' title='bbox 1013 4133 1210 4200; x_wconf 88' lang='lat' dir='ltr'><strong>inGallicia.</strong></span> <span class='ocrx_word' id='word_1_185' title='bbox 1245 4136 1296 4200; x_wconf 86' lang='lat' dir='ltr'><strong>De</strong></span> <span class='ocrx_word' id='word_1_186' title='bbox 1313 4135 1483 4222; x_wconf 81' lang='lat' dir='ltr'><strong>privilegio</strong></span> <span class='ocrx_word' id='word_1_187' title='bbox 1510 4147 1626 4204; x_wconf 85' lang='lat' dir='ltr'><strong>nostro</strong></span> <span class='ocrx_word' id='word_1_188' title='bbox 1652 4135 1741 4223; x_wconf 82' lang='lat' dir='ltr'><strong>legas</strong></span> <span class='ocrx_word' id='word_1_189' title='bbox 1771 4135 1953 4202; x_wconf 88' lang='lat' dir='ltr'><strong>doctissimi</strong></span> <span class='ocrx_word' id='word_1_190' title='bbox 1980 4133 2092 4201; x_wconf 87' lang='lat' dir='ltr'><strong>Caroli</strong></span> 
     </span>
     <span class='ocr_line' id='line_1_24' title="bbox 440 4218 2093 4311; baseline -0.002 -23"><span class='ocrx_word' id='word_1_191' title='bbox 440 4219 626 4306; x_wconf 84' lang='lat' dir='ltr'><strong>Szajnocha</strong></span> <span class='ocrx_word' id='word_1_192' title='bbox 641 4218 933 4304; x_wconf 76' lang='lat' dir='ltr'><strong>praeclarissimum</strong></span> <span class='ocrx_word' id='word_1_193' title='bbox 949 4241 1031 4307; x_wconf 86' lang='lat' dir='ltr'><strong>opus</strong></span> <span class='ocrx_word' id='word_1_194' title='bbox 1047 4220 1221 4304; x_wconf 76' lang='lat' dir='ltr'><strong>„dudwigo</strong></span> <span class='ocrx_word' id='word_1_195' title='bbox 1236 4219 1435 4304; x_wconf 52' lang='lat' dir='ltr'><strong>tragisse?</strong></span> <span class='ocrx_word' id='word_1_196' title='bbox 1451 4224 1628 4288; x_wconf 83' lang='lat' dir='ltr'><strong>vernacula</strong></span> <span class='ocrx_word' id='word_1_197' title='bbox 1641 4221 1753 4311; x_wconf 82' lang='lat' dir='ltr'><strong>lingua</strong></span> <span class='ocrx_word' id='word_1_198' title='bbox 1767 4223 1934 4305; x_wconf 86' lang='lat' dir='ltr'><strong>scriptum,</strong></span> <span class='ocrx_word' id='word_1_199' title='bbox 1951 4231 1984 4286; x_wconf 86' lang='lat' dir='ltr'><strong>et</strong></span> <span class='ocrx_word' id='word_1_200' title='bbox 1999 4243 2093 4307; x_wconf 82' lang='lat' dir='ltr'><strong>prae·</strong></span> 
     </span>
     <span class='ocr_line' id='line_1_25' title="bbox 439 4303 2090 4394; baseline -0.001 -22"><span class='ocrx_word' id='word_1_201' title='bbox 439 4308 536 4392; x_wconf 87' lang='lat' dir='ltr'><strong>cipue</strong></span> <span class='ocrx_word' id='word_1_202' title='bbox 552 4303 590 4372; x_wconf 80' lang='grc' dir='ltr'><strong>Τ.</strong></span> <span class='ocrx_word' id='word_1_203' title='bbox 609 4305 650 4380; x_wconf 92' lang='lat' dir='ltr'><strong>ll,</strong></span> <span class='ocrx_word' id='word_1_204' title='bbox 667 4327 742 4390; x_wconf 86' lang='lat' dir='ltr'><strong>pag.</strong></span> <span class='ocrx_word' id='word_1_205' title='bbox 756 4305 827 4370; x_wconf 85' lang='grc'><strong>188.</strong></span> <span class='ocrx_word' id='word_1_206' title='bbox 850 4305 1061 4391; x_wconf 81' lang='lat' dir='ltr'><strong>Privilcgium</strong></span> <span class='ocrx_word' id='word_1_207' title='bbox 1075 4304 1138 4368; x_wconf 91' lang='lat' dir='ltr'><strong>hoc</strong></span> <span class='ocrx_word' id='word_1_208' title='bbox 1155 4305 1219 4368; x_wconf 86' lang='lat' dir='ltr'><strong>civi</strong></span> <span class='ocrx_word' id='word_1_209' title='bbox 1237 4306 1436 4374; x_wconf 61' lang='lat' dir='ltr'><strong>§ardenensi</strong></span> <span class='ocrx_word' id='word_1_210' title='bbox 1463 4307 1583 4386; x_wconf 87' lang='lat' dir='ltr'><strong>daturo,</strong></span> <span class='ocrx_word' id='word_1_211' title='bbox 1610 4309 1749 4394; x_wconf 89' lang='lat' dir='ltr'><strong>primum</strong></span> <span class='ocrx_word' id='word_1_212' title='bbox 1764 4317 1814 4374; x_wconf 84' lang='lat' dir='ltr'><strong>est</strong></span> <span class='ocrx_word' id='word_1_213' title='bbox 1831 4309 1898 4392; x_wconf 84' lang='lat' dir='ltr'><strong>jum</strong></span> <span class='ocrx_word' id='word_1_214' title='bbox 1912 4317 2090 4372; x_wconf 84' lang='lat' dir='ltr'><strong>coronatae</strong></span> 
     </span>
     <span class='ocr_line' id='line_1_26' title="bbox 440 4387 2091 4478; baseline 0 -22"><span class='ocrx_word' id='word_1_215' title='bbox 440 4393 570 4476; x_wconf 79' lang='lat' dir='ltr'><strong>reginae</strong></span> <span class='ocrx_word' id='word_1_216' title='bbox 587 4387 787 4455; x_wconf 86' lang='lat' dir='ltr'><strong>Polonorurn</strong></span> <span class='ocrx_word' id='word_1_217' title='bbox 801 4387 972 4478; x_wconf 67' lang='lat' dir='ltr'><strong>Hcdvigis.</strong></span> <span class='ocrx_word' id='word_1_218' title='bbox 995 4387 1096 4474; x_wconf 83' lang='lat' dir='ltr'><strong>Apud</strong></span> <span class='ocrx_word' id='word_1_219' title='bbox 1110 4387 1270 4474; x_wconf 78' lang='lat' dir='ltr'><strong>Joannem</strong></span> <span class='ocrx_word' id='word_1_220' title='bbox 1285 4389 1323 4456; x_wconf 88' lang='lat' dir='ltr'><strong>de</strong></span> <span class='ocrx_word' id='word_1_221' title='bbox 1341 4393 1501 4456; x_wconf 67' lang='lat' dir='ltr'><strong>(lzornlcdw</strong></span> <span class='ocrx_word' id='word_1_222' title='bbox 1518 4393 1563 4472; x_wconf 82' lang='lat' dir='ltr'><strong>(id</strong></span> <span class='ocrx_word' id='word_1_223' title='bbox 1578 4404 1628 4459; x_wconf 87' lang='lat' dir='ltr'><strong>cst</strong></span> <span class='ocrx_word' id='word_1_224' title='bbox 1643 4391 1909 4460; x_wconf 79' lang='lat' dir='ltr'><strong>archidiaconum</strong></span> <span class='ocrx_word' id='word_1_225' title='bbox 1921 4390 2091 4458; x_wconf 86' lang='lat' dir='ltr'><strong>Gnesnen·</strong></span> 
     </span>
     <span class='ocr_line' id='line_1_27' title="bbox 441 4473 2093 4560; baseline -0.002 -18"><span class='ocrx_word' id='word_1_226' title='bbox 441 4479 520 4554; x_wconf 74' lang='lat' dir='ltr'><strong>sam)</strong></span> <span class='ocrx_word' id='word_1_227' title='bbox 538 4476 570 4539; x_wconf 90' lang='lat' dir='ltr'><strong>in</strong></span> <span class='ocrx_word' id='word_1_228' title='bbox 587 4473 825 4558; x_wconf 86' lang='lat' dir='ltr'><strong>Sommerberg.</strong></span> <span class='ocrx_word' id='word_1_229' title='bbox 842 4494 915 4560; x_wconf 82' lang='lat' dir='ltr'><strong>pag.</strong></span> <span class='ocrx_word' id='word_1_230' title='bbox 935 4479 995 4538; x_wconf 79' lang='grc'><strong>154</strong></span> <span class='ocrx_word' id='word_1_231' title='bbox 1009 4473 1156 4558; x_wconf 84' lang='lat' dir='ltr'><strong>legimus.</strong></span> <span class='ocrx_word' id='word_1_232' title='bbox 1180 4473 1425 4542; x_wconf 79' lang='lat' dir='ltr'><strong>coronationem</strong></span> <span class='ocrx_word' id='word_1_233' title='bbox 1439 4477 1560 4541; x_wconf 76' lang='lat' dir='ltr'><strong>tactam</strong></span> <span class='ocrx_word' id='word_1_234' title='bbox 1575 4501 1644 4543; x_wconf 86' lang='lat' dir='ltr'><strong>esse</strong></span> <span class='ocrx_word' id='word_1_235' title='bbox 1662 4475 1843 4543; x_wconf 77' lang='lat' dir='ltr'><strong>Cracoviae</strong></span> <span class='ocrx_word' id='word_1_236' title='bbox 1859 4475 1910 4540; x_wconf 86' lang='lat' dir='ltr'><strong>die</strong></span> <span class='ocrx_word' id='word_1_237' title='bbox 1929 4475 2093 4540; x_wconf 88' lang='lat' dir='ltr'><strong>dominico</strong></span> 
     </span>
     <span class='ocr_line' id='line_1_28' title="bbox 444 4558 2091 4668; baseline 0.002 -45"><span class='ocrx_word' id='word_1_238' title='bbox 444 4564 485 4624; x_wconf 75' lang='lat'><strong>15</strong></span> <span class='ocrx_word' id='word_1_239' title='bbox 498 4561 654 4626; x_wconf 86' lang='lat' dir='ltr'><strong>Octobris</strong></span> <span class='ocrx_word' id='word_1_240' title='bbox 674 4565 765 4625; x_wconf 71' lang='lat'><strong>1384.</strong></span> <span class='ocrx_word' id='word_1_241' title='bbox 799 4559 899 4632; x_wconf 64' lang='lat' dir='ltr'><strong>iloni.</strong></span> <span class='ocrx_word' id='word_1_242' title='bbox 915 4560 1013 4624; x_wconf 87' lang='lat' dir='ltr'><strong>etiam</strong></span> <span class='ocrx_word' id='word_1_243' title='bbox 1028 4558 1177 4644; x_wconf 89' lang='lat' dir='ltr'><strong>episcopi</strong></span> <span class='ocrx_word' id='word_1_244' title='bbox 1193 4558 1372 4668; x_wconf 76' lang='lat' dir='ltr'><strong>doppensis</strong></span> <span class='ocrx_word' id='word_1_245' title='bbox 1394 4561 1556 4626; x_wconf 71' lang='lat' dir='ltr'><strong>harderici</strong></span> <span class='ocrx_word' id='word_1_246' title='bbox 1582 4560 1763 4643; x_wconf 72' lang='lat' dir='ltr'><strong>Letowscii</strong></span> <span class='ocrx_word' id='word_1_247' title='bbox 1778 4583 1859 4648; x_wconf 89' lang='lat' dir='ltr'><strong>opus</strong></span> <span class='ocrx_word' id='word_1_248' title='bbox 1876 4561 2008 4626; x_wconf 82' lang='lat' dir='ltr'><strong>maximi</strong></span> <span class='ocrx_word' id='word_1_249' title='bbox 2021 4584 2091 4626; x_wconf 87' lang='lat' dir='ltr'><strong>mo·</strong></span> 
     </span>
     <span class='ocr_line' id='line_1_29' title="bbox 442 4643 1801 4732; baseline 0.001 -25"><span class='ocrx_word' id='word_1_250' title='bbox 442 4644 551 4707; x_wconf 83' lang='lat' dir='ltr'><strong>menti:</strong></span> <span class='ocrx_word' id='word_1_251' title='bbox 574 4644 741 4731; x_wconf 80' lang='lat' dir='ltr'><strong>„Katalog</strong></span> <span class='ocrx_word' id='word_1_252' title='bbox 755 4645 928 4731; x_wconf 86' lang='lat' dir='ltr'><strong>biskupo&#39;w</strong></span> <span class='ocrx_word' id='word_1_253' title='bbox 943 4643 1204 4708; x_wconf 70' lang='lat' dir='ltr'><strong>lirakowskich”</strong></span> <span class='ocrx_word' id='word_1_254' title='bbox 1221 4644 1259 4708; x_wconf 76' lang='grc' dir='ltr'><strong>Ἰ.</strong></span> <span class='ocrx_word' id='word_1_255' title='bbox 1278 4643 1324 4712; x_wconf 91' lang='lat' dir='ltr'><strong>lV</strong></span> <span class='ocrx_word' id='word_1_256' title='bbox 1339 4646 1424 4710; x_wconf 83' lang='lat' dir='ltr'><strong>inter</strong></span> <span class='ocrx_word' id='word_1_257' title='bbox 1440 4645 1622 4712; x_wconf 86' lang='lat' dir='ltr'><strong>additiones</strong></span> <span class='ocrx_word' id='word_1_258' title='bbox 1638 4667 1711 4732; x_wconf 84' lang='lat' dir='ltr'><strong>pag.</strong></span> <span class='ocrx_word' id='word_1_259' title='bbox 1730 4649 1801 4710; x_wconf 90' lang='lat'>101.</span> 
     </span>
    </p>

    <p class='ocr_par' dir='ltr' id='par_1_8' title="bbox 445 4727 2093 4901">
     <span class='ocr_line' id='line_1_30' title="bbox 548 4727 2093 4826; baseline 0.002 -34"><span class='ocrx_word' id='word_1_260' title='bbox 548 4727 585 4808; x_wconf 59' lang='lat' dir='ltr'><strong>Pl</strong></span> <span class='ocrx_word' id='word_1_261' title='bbox 610 4729 734 4826; x_wconf 59' lang='lat' dir='ltr'><strong>Sydeto,</strong></span> <span class='ocrx_word' id='word_1_262' title='bbox 762 4731 899 4796; x_wconf 83' lang='lat' dir='ltr'><strong>fortasse</strong></span> <span class='ocrx_word' id='word_1_263' title='bbox 929 4727 1064 4794; x_wconf 87' lang='lat' dir='ltr'><strong>deberet</strong></span> <span class='ocrx_word' id='word_1_264' title='bbox 1079 4750 1151 4794; x_wconf 88' lang='lat' dir='ltr'><strong>esse</strong></span> <span class='ocrx_word' id='word_1_265' title='bbox 1166 4728 1293 4816; x_wconf 73' lang='lat' dir='ltr'><strong>Szydlo,</strong></span> <span class='ocrx_word' id='word_1_266' title='bbox 1323 4729 1422 4816; x_wconf 80' lang='lat' dir='ltr'><strong>Apud</strong></span> <span class='ocrx_word' id='word_1_267' title='bbox 1446 4729 1598 4797; x_wconf 84' lang='lat' dir='ltr'><strong>Carolum</strong></span> <span class='ocrx_word' id='word_1_268' title='bbox 1613 4729 1799 4817; x_wconf 82' lang='lat' dir='ltr'><strong>Szajnooha</strong></span> <span class='ocrx_word' id='word_1_269' title='bbox 1820 4730 1841 4796; x_wconf 88' lang='lat' dir='ltr'><strong>l.</strong></span> <span class='ocrx_word' id='word_1_270' title='bbox 1865 4751 1895 4797; x_wconf 88' lang='lat' dir='ltr'><strong>o.</strong></span> <span class='ocrx_word' id='word_1_271' title='bbox 1911 4729 1994 4796; x_wconf 86' lang='lat' dir='ltr'><strong>falso</strong></span> <span class='ocrx_word' id='word_1_272' title='bbox 2010 4728 2093 4795; x_wconf 87' lang='lat' dir='ltr'><strong>civis</strong></span> 
     </span>
     <span class='ocr_line' id='line_1_31' title="bbox 445 4809 1983 4901; baseline 0.001 -22"><span class='ocrx_word' id='word_1_273' title='bbox 445 4809 658 4882; x_wconf 76' lang='lat' dir='ltr'><strong>Sandeeensrs</strong></span> <span class='ocrx_word' id='word_1_274' title='bbox 675 4813 854 4901; x_wconf 85' lang='lat' dir='ltr'><strong>appellatur</strong></span> <span class='ocrx_word' id='word_1_275' title='bbox 869 4813 998 4900; x_wconf 76' lang='lat' dir='ltr'><strong>Spdalo.</strong></span> <span class='ocrx_word' id='word_1_276' title='bbox 1976 4841 1983 4862; x_wconf 62' lang='lat' dir='ltr'><strong>r</strong></span> 
     </span>
    </p>
   </div>
   <div class='ocr_carea' id='block_1_8' title="bbox 0 0 2420 5924">
    <p class='ocr_par' dir='ltr' id='par_1_9' title="bbox 0 0 2420 5924">
     <span class='ocr_line' id='line_1_32' title="bbox 0 0 2420 5924; baseline 0 0"><span class='ocrx_word' id='word_1_277' title='bbox 0 0 2420 5924; x_wconf 95' lang='lat' dir='ltr'><strong> </strong></span> 
     </span>
    </p>
   </div>
  </div>
 </body>
</html>
