4856 5932
1122 679 1298 754 -448
1351 717 1397 735 -·

438 887 555 972 victu
574 909 820 994 pauperum,
839 889 928 964 tum
950 887 993 964 ιι
1013 878 1334 964 necessitatibus
1366 877 1633 988 providendis
1665 880 1904 984 eorundem,
1941 881 2085 968 Advo-

441 1003 635 1090 caciaa'
602 1031 691 1085 sive
714 999 974 1091 Scultecias
962 1029 1006 1083 ιιι
1027 1001 1134 1085 villis
1154 999 1307 1084 nostris
1328 996 1458 1110 Kryp,
1496 995 1585 1078 Lab
1565 997 1709 1081 ιιιιιια
1743 996 1917 1110 prefatis
1940 1013 1982 1084 et
2001 1001 2084 1084 Be·
2114 993 2116 996 ⁵

440 1125 613 1209 aiurorou
634 1119 741 1234 (³,')
731 1148 774 1200 m
796 1119 930 1208 Terra
952 1117 1223 1206 Oracoviensi
1244 1129 1291 1204 ct
1310 1118 1500 1236 districtu
1520 1115 1831 1202 Bieczensit
1776 1121 1831 1202 sit
1832 1121 1879 1225 is,
1917 1131 1991 1205 aut
2011 1120 2085 1203 ali-

438 1271 568 1356 quum
591 1241 631 1320 in
653 1238 810 1324 eisdem
830 1236 934 1321 villis
956 1239 1241 1340 advocaciam,
1263 1221 1377 1346 apud
1392 1263 1514 1321 veros
1526 1237 1704 1320 heredes
1727 1241 1956 1325 earundem
1975 1267 2086 1324 eme·

320 1337 437 1531 s
438 1391 482 1448 ιι
504 1373 547 1446 et
566 1385 810 1468 comparare
831 1356 1072 1444 admisimus
1094 1368 1138 1442 ιι
1156 1356 1417 1460 indulsimus,
1453 1355 1585 1442 admit
1567 1357 1798 1466 ttimusqua
1830 1370 1874 1442 et
1893 1360 2087 1474 indulge·

440 1510 532 1568 mus
552 1490 697 1564 tenore
716 1476 979 1590 presencium
1001 1479 1187 1560 mediant
1170 1489 1222 1580 te,
1243 1477 1323 1560 Per
1345 1475 1512 1559 eosdem
1535 1473 1623 1558 fact
1605 1484 1716 1559 tores
1753 1475 1970 1589 hospitalis
1991 1505 2089 1590 pre·

390 1619 394 1626 ’
439 1599 517 1686 fati
538 1615 582 1698 ot
601 1625 675 1708 pro
696 1599 791 1706 ipso
812 1596 952 1704 hospit
937 1596 1031 1679 talia
1049 1627 1146 1700 usu,
1173 1597 1238 1678 uti
1267 1594 1542 1704 premisimus,
1574 1604 1618 1676 et
1639 1618 1917 1704 personarum
1930 1602 1974 1682 in
1995 1603 2092 1711 ipso
2115 1611 2118 1620 “

442 1717 791 1804 decumbencium
828 1722 872 1794 et
900 1715 1162 1828 degencium,
1194 1711 1445 1815 tenendum,
1481 1713 1738 1818 habendum,
1774 1717 2087 1826 possidendum,

439 1836 734 1937 utifrue'ndum,
776 1861 871 1917 cum
913 1833 1171 1918 omnibuset
1153 1831 1366 1944 tsingulis
1403 1833 1631 1915 earundem
1668 1833 2088 1921 advocaciarumaut

441 1962 568 2046 altere
590 1951 686 2070 (sic)
708 1981 863 2054 eurum,
904 1981 1033 2064 quam
1070 1955 1137 2037 vel
1173 1981 1280 2064 quas
1302 1954 1345 2033 in
1366 1953 1525 2034 eisdem
1561 1953 1667 2036 villis
1708 1951 1836 2066 Kryl,
1876 1953 2088 2040 Lubuaclu

441 2089 484 2164 et
504 2073 742 2161 Baniurczuu
763 2072 956 2154 diluerint
977 2074 1185 2173 emendas,
1208 2071 1510 2181 possidendum
1540 2079 1582 2154 et
1602 2071 1856 2159 habendum
1880 2075 2004 2184 pleno
2024 2079 2088 2160 iu-

440 2229 498 2302 re,
534 2221 667 2306 eoque
705 2218 790 2301 quo
825 2191 1064 2274 venditores
1100 2190 1339 2276 huiusmodi
1380 2189 1704 2276 advocaciarum
1734 2197 1795 2275 uti
1818 2201 1859 2276 et
1879 2191 1959 2277 frui
1980 2197 2089 2283 soliti

441 2326 551 2419 sunt,
571 2321 842 2421 utunturque,
863 2309 1061 2394 Volentes
1080 2323 1121 2392 et
1142 2308 1404 2419 presentibus
1428 2307 1714 2416 decernentes,
1747 2313 1882 2396 dictas
1904 2315 2089 2399 advoca·

443 2439 530 2519 cias
551 2434 639 2516 siva
661 2429 884 2512 scultecias
903 2438 1118 2513 autunum
1137 2456 1436 2540 quamcunque
1453 2431 1573 2512 exeis
1590 2457 1726 2514 emere
1744 2433 1966 2545 contingat
1978 2431 2089 2547 (sic),

442 2556 497 2640 ab
520 2550 713 2637 omnibus
737 2557 778 2630 et
798 2549 974 2660 singulis
996 2549 1203 2652 censibuS,
1242 2547 1543 2651 exactionibus
1584 2549 1810 2654 laboribus
1847 2549 2091 2639 donacioni-
2235 2549 2239 2558 ’

443 2677 537 2777 bus,
560 2673 757 2778 servicys,
780 2695 977 2780 ungarys,
999 2668 1100 2750 duct
1084 2670 1185 2750 turis
1188 2667 1556 2777 ,expedicionibus
1578 2667 1743 2754 bellicis
1760 2669 2029 2782 generalibus
2051 2685 2094 2758 et

441 2789 762 2907 particularibus
783 2789 934 2870 nostris
958 2795 999 2868 et
1020 2787 1160 2900 Regni
1179 2790 1322 2892 nostri,
1359 2784 1691 2898 officialiumque
1727 2801 1964 2880 nostrorum
1986 2822 2092 2904 quo

443 2910 640 2998 rumlibet
659 2906 745 2992 fore
770 2918 811 2988 et
827 2933 917 2988 esse
937 2897 1127 2990 liberos
1102 2915 1157 2996 ιι
1140 2905 1345 2991 ttabsolu
1328 2915 1406 2990 t.os
1453 2901 1571 3005 Quas
1593 2907 1816 2992 scultecias
1841 2921 1998 2996 etcum
2021 2941 2093 2996 cu·

444 3061 538 3114 rum
561 3025 835 3110 directoribus
857 3025 1021 3135 prefate
1044 3023 1202 3110 Civitt
1141 3029 1236 3108 tatis
1257 3017 1483 3107 Beczensis
1521 3026 1856 3115 Consulibusat
1813 3037 1940 3168 tque
1962 3031 2092 3156 ipsius

444 3147 661 3259 hospitalis
681 3145 838 3231 vitricia
875 3175 897 3227 ι
902 3145 1222 3254 tprovisoribus
1259 3143 1481 3230 occasione
1517 3155 1663 3232 tenuta
1621 3146 1814 3232 ttScol
1797 3147 1999 3230 tcciarum
2021 3179 2093 3232 ea·
2121 3179 2124 3186 ·

444 3269 631 3370 tundam,
653 3262 908 3350 absolvimus
931 3274 974 3345 et
957 3264 1238 3348 tlibertamus
1273 3273 1417 3348 tenore
1439 3267 1716 3372 presencium,
1751 3265 1925 3380 Easque
1944 3267 2011 3351 vel
2032 3269 2095 3354 al-

446 3399 581 3484 teram
603 3413 745 3468 earum
766 3384 1136 3467 advocaciarum'
1124 3415 1168 3466 ιιι
1199 3383 1298 3466 dict
1269 3393 1321 3465 ιιι
1343 3382 1448 3466 villis
1472 3385 1743 3469 emendarum
1765 3384 1860 3470 Juri
1881 3389 1955 3469 ιι
1943 3415 2095 3472 1mmu-

446 3509 566 3590 nitati
587 3501 805 3614 hospitalis
825 3503 1003 3612 predicti
1026 3503 1285 3586 annectimus
1317 3513 1359 3586 et
1386 3504 1716 3615 incorporamus,
1752 3505 2026 3592 Presentibus
2046 3508 2094 3591 li·
2174 3599 2178 3606 ,

446 3625 683 3714 bertatibus
706 3623 990 3733 quoadusque
1026 3622 1126 3704 dicti
1159 3619 1366 3707 Consules
1389 3626 1558 3708 easdem
1596 3625 1849 3710 advocacias
1885 3629 2095 3712 tenuerint

449 3773 524 3857 pro
547 3744 658 3826 dicto
680 3742 876 3852 hospitali
903 3745 1192 3827 tantummodo
1228 3743 1427 3826 valituris.
1478 3743 1640 3828 Harum
1680 3743 1873 3856 Sigillum
1908 3756 2094 3830 nostrum

317 3887 322 3898 ·
450 3873 517 3948 est
538 3861 852 3971 subappensum
873 3863 1110 3943 testimonio
1131 3862 1358 3944 literarum.
1390 3861 1545 3947 Actum
1567 3875 1610 3947 et
1626 3865 1770 3948 datum
1794 3859 1975 3946 Crucovie
1990 3863 2094 3948 feria

447 3983 580 4067 tercia
600 3991 697 4061 ante
718 3979 873 4063 festum
897 3979 1052 4064 Sancte
1070 3979 1339 4092 Margarethe
1360 3980 1547 4092 virginis.
1593 3981 1717 4068 Anno
1739 3982 1909 4067 Domini
1929 3981 2098 4070 Mille'si-
2172 3989 2175 4002 '

449 4129 519 4188 mo
542 4098 957 4212 quadringentesimo
981 4096 1315 4212 Septuagesimo.
1348 4099 1620 4184 Presentibus
1642 4099 1881 4214 Magnificis
1910 4109 1954 4186 et
1972 4131 2100 4187 vene·

449 4219 651 4306 rabilibus
673 4217 885 4302 Dobeslao
906 4217 1051 4299 Kmita
1082 4221 1133 4300 de
1173 4216 1362 4299 Wonicze
1397 4217 1660 4324 Lublinensi,
1692 4219 1889 4306 dohanne
1923 4221 1974 4306 de
1996 4225 2100 4307 Tur-

450 4367 535 4424 now
559 4337 882 4448 Woynicziensi,
924 4335 1137 4422 Stanislao
1161 4336 1212 4418 de
1235 4331 1426 4420 Strzelcze
1464 4337 1724 4424 Sandecensi
1755 4339 2019 4447 Castellanis,
2057 4351 2099 4428 et

453 4457 649 4545 Johanne
672 4456 881 4572 Dlnposcb
901 4485 952 4539 ac
975 4455 1134 4539 Mathia
1170 4453 1434 4568 Blandorcslcp
1472 4457 1697 4544 Canonicis
1735 4459 2101 4566 Oracoviensibus,

453 4579 632 4664 testibus
673 4578 785 4662 circa
824 4578 1041 4688 premissa.
1103 4576 1263 4660 Datum
1297 4593 1377 4688 per
1409 4605 1558 4662 manus
1589 4577 1808 4690 Magnifici
1850 4576 2006 4668 Jacobi
2046 4577 2099 4664 de

559 4813 598 4894 (ξι
619 4811 789 4880 Binurowu
804 4821 855 4880 est
868 4811 945 4878 villa
958 4811 1166 4900 parochialia,
1182 4811 1351 4879 Biecensis
1366 4811 1441 4880 olim
1457 4812 1620 4882 territoria
1637 4817 1757 4896 (loto).
