4930 5922
1027 697 1079 715 ..-
1129 661 1283 734 74...

326 875 465 982 ipsum
484 867 787 954 Monasterium
821 861 1024 972 praediis,
1056 861 1345 972 proventibus,
1367 859 1632 948 libertatibus
1654 886 1732 948 seu
1751 864 1992 954 immunita·

326 989 441 1073 tibus
477 984 755 1093 infrascriptis
785 981 979 1062 duximus
1017 981 1263 1064 dotandum.
1315 979 1577 1066 Oonunimus
1614 986 1824 1096 siquidem
1857 989 1994 1070 eidem

326 1107 585 1192 Monasteric
618 1103 738 1184 villas
755 1127 758 1132 ·
773 1097 881 1179 infra
917 1099 1176 1199 nominatas,
1214 1127 1310 1182 cum
1351 1100 1546 1183 omnibus
1567 1103 1653 1184 suis
1674 1102 1927 1186 utilitatibus
1950 1115 2007 1186 et·
2090 1144 2093 1152 ·
2201 1145 2205 1154 ·

326 1221 608 1334 pertinentijs,
639 1217 891 1302 Molendinis
921 1217 1139 1318 videlicet,
1162 1215 1375 1300 Tabernis
1397 1242 1509 1324 quae
1529 1247 1643 1300 nunc
1664 1231 1763 1302 sunt
1782 1223 1850 1306 vel
1872 1234 1995 1305 erunt

327 1346 371 1424 in
391 1343 626 1450 posterum,
649 1347 809 1418 etcum
844 1337 996 1443 pratis,
1033 1332 1296 1438 nemoribus,
1332 1331 1657 1444 piscationibus,
1681 1348 1841 1446 etcum
1861 1369 1997 1423 rena-

328 1461 515 1546 tionibus
536 1466 749 1538 castorum
771 1463 818 1548 et
836 1452 1011 1534 aliarum
1032 1451 1284 1556 bestiarum,
1303 1463 1346 1534 et
1366 1449 1402 1530 si
1424 1481 1536 1562 qnae
1560 1455 1669 1536 eliac
1688 1465 1787 1538 sunt
1806 1483 1997 1541 commo-

330 1579 485 1660 ditates
507 1573 837 1684 quibuscunque
858 1569 1100 1674 nominibus
1123 1581 1389 1652 censeantur.
1438 1569 1587 1679 Ipsum
1608 1574 1769 1656 scilicet
1790 1577 1993 1684 oppidum

331 1693 588 1792 Zcus'cbcstb,
624 1690 715 1770 iure
750 1686 997 1769 theutonico
1028 1687 1214 1772 locatum
1236 1717 1334 1769 cum
1353 1687 1605 1772 utilitatibus
1626 1699 1669 1771 et
1688 1691 1995 1800 piscationibus

214 1897 215 1902 q
333 1811 495 1912 Vislae,
526 1809 646 1889 cuius
668 1805 835 1888 termini
856 1812 979 1885 erunt
999 1805 1194 1911 superius
1235 1831 1374 1916 usque
1410 1809 1454 1888 in
1481 1803 1580 1888 Uace
1602 1817 1645 1892 et
1664 1807 1838 1893 inferius
1860 1839 1999 1920 usque

332 1929 389 2010 ad
408 1928 568 2008 miliare
584 1934 635 2007 ¹et
654 1953 752 2006 cum
772 1923 878 2005 villis
900 1921 1196 2001 adiacentibus
1229 1948 1409 2030 quorum
1432 1922 1530 2034 (sic)
1561 1927 1732 2009 nomina
1754 1938 1854 2010 sunt
1873 1927 1993 2009 haec:

339 2045 487 2152 Vinary
526 2071 624 2126 cum
657 2045 753 2145 lacu
775 2042 850 2150 qui
868 2039 1046 2146 iacet'in
1071 2031 1289 2136 Concursus,
1325 2039 1533 2148 Percurrj,
1569 2037 1783 2143 Czerzz'nia',
1807 2046 1996 2146 Dzurcw,

271 2263 275 2272 ³
331 2159 608 2262 Pudrcrcz'czc,
645 2161 836 2260 Berosuc,
872 2151 1100 2264 Pstltrqpij,
1136 2155 1342 2258 Hortrcw,
1382 2155 1558 2258 Corsiae,
1582 2161 1755 2260 Tarius,
1778 2161 1996 2273 Lypczr'nu,

333 2278 563 2377 Duroniae,
600 2277 685 2358 S....
704 2271 771 2386 (⁹),
807 2273 1034 2370 Brescuue,
1082 2263 1341 2382 Wunprcze,'
1359 2273 1581 2384 Dcur'dcny
1609 2275 1676 2390 (³),
1724 2277 1871 2362 Vicani
1899 2277 1996 2392 (sic)

332 2395 503 2478 inferius
526 2421 653 2502 super
672 2390 832 2473 Vislam
854 2416 952 2469 cum
973 2386 1188 2490 clausura,
1227 2388 1463 2488 Scdctblrc,·
1483 2389 1729 2508 Wezclbr'apc
1751 2425 1862 2507 quae
1882 2425 1997 2478 nunc

335 2511 514 2596 Ostrowo
550 2511 721 2609 dicitur,
745 2515 789 2588 et
808 2507 971 2614 aliquas
1009 2515 1145 2588 sortes
1167 2507 1211 2586 in
1233 2503 1389 2588 lelz‘cd
1407 2517 1450 2590 et
1474 2503 1635 2592 Codnr'cz‘
1667 2541 1763 2598 cum
1799 2513 1924 2596 vinea
1955 2525 2000 2596 et

334 2631 448 2739 agris
486 2625 741 2739 Sdr'podcm's,
780 2621 969 2705 Wronicze
1014 2619 1286 2704 chscercicze
1310 2633 1352 2706 et
1371 2625 1632 2712 Ecclessiam
1667 2632 1712 2712 in
1748 2631 1999 2716 Zarncwt‘ecz
2101 2619 2106 2628 ’

335 2775 433 2828 cum
477 2743 729 2852 sanctuarijs
777 2769 956 2854 quorum
1002 2753 1100 2824 sunt
1136 2740 1243 2820 haec
1281 2745 1468 2828 nomina:
1506 2745 1661 2830 Paulus
1700 2777 1797 2831 cum
1833 2747 2000 2832 duobus

334 2863 553 2966 fratribus,
589 2859 773 2944 Michael
809 2888 906 2941 cum
948 2857 1075 2938 fratre
1113 2865 1157 2939 et
1194 2857 1358 2941 duobus
1391 2859 1486 2972 filijs
1521 2873 1563 2944 et
1585 2863 1857 2969 Camerariis‚
1894 2893 2003 2978 quo·

240 3065 243 3074 ,
335 3010 431 3066 rum
465 2979 573 3062 haec
609 2989 709 3074 sunt
743 2978 914 3061 nemina
934 2974 1173 3092 Domanua
1205 2973 1407 3059 Sdeslaus
1429 2981 1567 3064 Eisscl
1589 2989 1632 3064 et
1654 2983 1849 3066 omnibus
1869 2985 2001 3092 perti-

334 3099 489 3208 nentijs
511 3099 597 3180 suis
622 3106 665 3178 et
686 3097 834 3178 annuis
855 3087 1090 3174 redditibus
1113 3091 1187 3202 qui
1209 3101 1308 3174 sunt
1328 3095 1398 3203 hij:
1437 3095 1664 3182 Tabernae
1687 3129 1784 3182 cum
1802 3100 2001 3186 theloneo

338 3215 529 3301 eiusdem
564 3215 686 3314 villae
710 3221 753 3294 et
773 3213 949 3295 aliarum
984 3210 1291 3318 pertinencium
1313 3211 1369 3294 ad
1391 3217 1572 3298 eandem
1594 3217 1647 3300 de
1671 3211 1836 3302 Celario
1867 3217 2002 3304 Ducis
2028 3265 2031 3272 ·
2087 3275 2092 3280 -

338 3362 414 3418 sex
434 3343 591 3414 tunnas
612 3331 761 3415 mellis.
794 3327 935 3412 Strcra
957 3327 1136 3408 duarum
1156 3330 1470 3436 provinciarum
1483 3333 1610 3446 quod
1638 3333 1760 3450 Opole
1775 3336 2007 3448 vulgariter

338 3449 587 3562 appellatur,
638 3447 846 3532 Decimae
876 3443 1069 3526 villarum
1090 3442 1425 3553 subscriptarum
1446 3449 1698 3538 Zarncwr'ccz
1721 3461 1763 3536 et
1787 3449 2002 3567 Coricsanrj

337 3577 380 3651 et
407 3565 568 3648 Wrcmc
588 3575 630 3648 et
659 3563 796 3647 Wdosc
819 3559 874 3676 (⁴)
897 3569 939 3641 et
966 3557 1166 3641 Wirbz'czu
1188 3560 1243 3674 (⁵)
1280 3575 1324 3646 et
1351 3565 1579 3650 Dobrclcw
1603 3581 1646 3652 et
1665 3571 1825 3680 Hctcpa
1846 3583 1889 3652 et
1910 3573 2006 3654 Ma

339 3681 494 3793 lr‘sylcze
520 3681 758 3766 etWtkow
792 3693 834 3763 et
863 3675 1020 3762 Hcluza
1050 3687 1094 3758 et
1132 3675 1324 3788 Wicroruu
1353 3685 1450 3766 villa
1481 3712 1655 3792 pernes
1679 3689 1897 3770 collataet
1919 3687 2004 3770 M·

339 3797 483 3883 slonr'cs'
499 3810 541 3880 et
562 3799 828 3882 Morumoru‘ci
847 3796 900 3909 (ὓ)
925 3808 968 3878 ct
987 3795 1229 3878 Pdmoscane
1251 3799 1305 3910 (³)
1340 3809 1383 3883 et
1408 3800 1617 3910 Rokytlmo
1651 3803 1749 3887 villa
1782 3803 2007 3888 Ecclesiae

340 3945 438 4000 cum
481 3917 646 4000 decima
682 3927 725 3997 et
765 3915 879 3998 Velia
915 3923 958 3994 et
994 3907 1239 3992 Macridluae
1281 3925 1325 3999 et
1367 3913 1538 4029 Costolly
1576 3917 1629 4032 (Β)
1671 3921 1846 4002 Rubras
1869 3919 1924 4033 (⁰)
1962 3931 2006 4004 et

339 4035 566 4146 Przicbodsj‘⁸
579 4029 652 4148 (¹⁰)
671 4030 977 4116 etKurozaeclu'
985 4023 1058 4142 (¹¹)
1082 4036 1126 4110 et
1143 4027 1343 4116 Osmens'ci
1363 4046 1405 4118 et
1424 4035 1567 4118 Basra
1589 4046 1631 4120 et
1651 4038 1830 4122 Zuclsm
1851 4051 1894 4146 et
1913 4067 2004 4123 me·
2088 4057 2093 4066 “

341 4153 457 4236 dium
479 4151 683 4238 sesdesmo
706 4143 781 4265 (¹⁹)
818 4148 936 4259 quad
970 4145 1161 4256 possidet
1197 4147 1351 4234 (lomes
1366 4153 1528 4259 Adam,
1548 4155 1757 4237 Dedimus
1776 4157 1902 4239 etiam
1924 4159 2007 4268 ipsi

200 4342 205 4354 .
341 4269 597 4357 Monasterio
635 4280 808 4354 centum
845 4291 1012 4348 marcas
1051 4266 1218 4374 argenti
1252 4271 1347 4378 puri
1368 4281 1412 4352 et
1430 4281 1566 4354 totum
1600 4273 1786 4356 valorem
1825 4274 2005 4358 duorum
2068 4273 2071 4280 ’

343 4385 555 4472 alucorum
586 4389 684 4474 salis
707 4385 784 4501 qui
806 4380 937 4468 Cerito
971 4383 1203 4494 vulgariter
1238 4387 1501 4495 appellantur
1520 4392 1564 4496 in
1583 4389 1676 4476 loco
1699 4393 1773 4502 qui
1800 4389 2011 4504 inagnum

447 4605 490 4686 (a)
511 4603 670 4668 vacnum,
708 4604 751 4684 (³)
764 4600 924 4668 Vacuum.
960 4601 1003 4682 (⁴)
1025 4595 1150 4664 Udorz.
1188 4597 1230 4674 (⁵)
1246 4590 1438 4667 Wiarzbica
1483 4605 1526 4687 (⁰)
1540 4605 1788 4673 Marciacuice.

400 4753 403 4758 ,
448 4689 492 4770 (ἵ)
506 4685 796 4772 Praedmoiciany.
834 4690 877 4766 (⁸)
899 4685 1070 4784 Koslowy.
1106 4679 1151 4761 (⁹)
1171 4677 1318 4784 {30brek3

449 4775 507 4858 (ιο)
526 4770 737 4858 Ρῑηοὴοᾱγ,
772 4773 829 4856 (ιι)
852 4769 1060 4853 Kmozwgln,
1093 4761 1150 4856 (¹²)
1172 4763 1410 4834 studemczno.
