4930 5922
1145 725 1421 798 -164-

447 933 643 1044 ipsisque
677 922 827 1008 lavore
848 929 893 1004 et
911 919 1090 1025 auxilio,¹
1116 923 1499 1036 quocienscunque
1525 927 1758 1010 necessitas
1782 942 2050 1038 exposceret,
2064 937 2117 1022 'et

446 1042 724 1162 requirendos
746 1061 823 1125 nos
845 1039 1068 1143 ducerent,
1091 1040 1252 1150 auxilijs
1274 1043 1520 1150 opportunis
1542 1045 1764 1149 assistant,
1794 1055 1936 1132 nostre
1967 1054 2113 1160 gracie
2187 1115 2191 1122 -

445 1167 564 1278 regie
586 1161 666 1245 sub
687 1158 877 1244 obtentu.
930 1156 981 1242 In
1002 1163 1183 1267 qnorum
1219 1159 1393 1270 quidem
1430 1162 1616 1243 omnium
1647 1162 1775 1244 iidem
1796 1192 1849 1246 ec
1869 1165 2114 1254 firmitatem

416 1289 695 1398 ,perpetuam
725 1283 946 1386 presentes
976 1275 1118 1357 literas
1148 1272 1258 1382 fieri,
1290 1277 1500 1387 sigillique
1531 1280 1663 1362 nostri
1692 1282 1881 1390 majoris,
1912 1313 1999 1396 quo
2020 1295 2115 1370 tan-

446 1425 576 1518 quam
595 1395 785 1506 Ungerie
808 1406 852 1478 et
872 1401 915 1474 et
934 1389 1139 1476 Bohemie
1169 1389 1263 1476 Rex
1298 1396 1449 1478 utimur
1471 1398 1729 1506 appensione
1750 1402 1902 1482 muniri
1921 1403 2115 1513 precepi·

441 1543 536 1604 mus
574 1516 697 1599 datas
733 1511 851 1594 Bada
888 1508 1080 1595 Sabbata
1118 1521 1217 1593 ante
1255 1512 1510 1595 dominicam
1546 1515 1782 1621 palmarum
1814 1545 1923 1602 anuo
1956 1521 2113 1605 Christi
2194 1513 2199 1522 ’
2236 1551 2239 1558 ’

442 1635 662 1722 millesimo
684 1629 1028 1741 quingentesimo
1050 1637 1201 1739 quarto
1221 1655 1453 1738 reg-norum
1474 1635 1617 1715 autem
1638 1641 1873 1719 nostrorum
1903 1635 2113 1748 hungario

443 1752 606 1838 decimo
629 1757 794 1859 quarto,
814 1745 1020 1832 Bohemie
1039 1773 1140 1833 vero
1161 1747 1373 1831 tricesimo
1393 1749 1547 1854 tercio,
1564 1749 1615 1834 ex'
1632 1753 1927 1837 commissione
1941 1755 2113 1863 propria

441 1871 561 1983 regie
581 1866 829 1980 Majestatis.

958 2285 963 2294 ’
1057 2379 1063 2400 ,
1210 2323 1407 2440 uxr„

779 2577 1044 2703 §madiae
1057 2549 1190 2662 2-16
1207 2577 1405 2661 Martii
1428 2577 1574 2666 1298
1601 2529 1767 2664 aaron.

337 2849 342 2860 .
460 2798 754 2872 vladislaus
783 2795 1020 2868 nocueris
1049 2793 1112 2868 tur
1133 2793 1218 2885 regni
1241 2795 1388 2876 istoriae,
1402 2815 1471 2868 cun
1492 2799 1677 2870 moranno
1709 2798 1909 2892 tunonensi
1930 2805 2102 2876 annum

581 2903 693 2990 villu}
703 2902 812 2992 resipit
825 2901 1027 2967 Baldrirlriw
1043 2899 1077 2968 ol
1090 2897 1177 2984 ullu,
1193 2895 1288 2970 lonii
1301 2899 1407 2968 artem
1422 2900 1610 2987 Borpnielro,
1628 2899 1741 2988 Sprola'
1756 2905 1789 2974 ot
1803 2902 1883 2994 eliu
1899 2907 1952 2985 (1).

537 3105 589 3192 In
609 3108 777 3192 nomine
801 3103 957 3188 domini
978 3101 1127 3186 Amen.
1174 3103 1381 3186 Nouerint
1409 3103 1594 3186 vniuersi
1623 3115 1843 3214 presentes
1874 3109 2015 3190 literas
2037 3109 2101 3189 in·
2216 3103 2219 3108 ’

434 3227 632 3335 epeoturi.
674 3323 677 3330 1
695 3221 822 3323 Quod
841 3247 919 3304 nos
940 3219 1179 3306 Vladisleus
1201 3219 1270 3301 dei
1291 3220 1431 3332 gratia
1451 3221 1552 3305 Dux
1571 3221 1711 3334 Regni
1732 3225 1930 3326 Polonie„
1948 3225 2100 3312 Pome-

431 3343 563 3430 rauie.
593 3340 694 3426 Dux
716 3339 921 3448 Ouyauie.
972 3335 1170 3422 Luncitie
1191 3349 1233 3422 et
1254 3336 1520 3445 Syradiensie
1552 3341 1821 3428 attendentes
1853 3344 2107 3428 adcommu-'¹

433 3489 531 3548 nem
550 3457 784 3569 prefectum
804 3467 914 3540 terre
936 3466 1079 3540 nostre
1114 3457 1353 3566 recepimus
1373 3485 1450 3566 per
1472 3461 1845 3545 commutationem
1883 3491 1909 3544 a
1930 3461 2102 3546 domino

395 3627 401 3636 ·
432 3577 558 3668 Petro
579 3577 753 3664 Abbate
775 3586 818 3660 et
839 3585 1052 3660 conuentu
1074 3574 1315 3660 monasterii
1337 3577 1468 3657 nostri
1491 3577 1542 3657 de
1566 3573 1748 3687 Saleporo
1771 3577 1826 3690 (¹)
1849 3581 1965 3664 villas
1989 3581 2099 3662 eius·

433 3695 529 3780 dem
565 3695 808 3780 monasterii
842 3693 1042 3778 videlicet
1075 3688 1333 3776 Batdricioo
1356 3690 1423 3804 (³).
1477 3691 1685 3803 Zaporr'ce.
1708 3695 1980 3776 Daorbrouom
2001 3700 2101 3777 cum'
2156 3698 2162 3707 “

431 3809 626 3898 omnibus
656 3812 925 3922 pertinenciis
956 3813 1043 3894 suis
1073 3820 1214 3922 preter
1234 3807 1370 3892 solum
1389 3811 1454 3892 ius
1475 3819 1724 3917 patronatus
1747 3813 1862 3922 quod
1883 3811 1963 3894 sibi
1982 3813 2103 3906 idemf

428 3927 580 4018 Abbas
604 3938 646 4010 et
666 3956 743 4014 suo
763 3929 1018 4014 monasterio
1041 3927 1093 4012 de
1113 3937 1259 4012 nostra
1290 3923 1403 4010 bona
1435 3925 1652 4012 voluntate
1683 3938 1890 4038 perpetuo
1926 3927 2101 4012 retinuit

429 4058 474 4132 et
494 4073 705 4131 consensu
724 4047 784 4128 ita
805 4047 921 4158 quod
941 4045 1034 4128 loco
1057 4043 1233 4130 decime.
1297 4041 1510 4129 Sooltetus
1542 4047 1616 4158 qui
1645 4045 1889 4154 inprediotis
1926 4045 2032 4130 villis
2054 4057 2097 4129 et

428 4165 740 4277 inposeeseione
776 4165 829 4248 de
866 4161 1040 4244 Barcino
1071 4161 1127 4275 (⁴)
1165 4163 1538 4248 ciremnadiaoenti
1572 4162 1729 4274 prefuit
1762 4163 1937 4278 singulis
1973 4165 2102 4249 annis'

531 4429 575 4508 (¹)
595 4424 647 4491 Ex
663 4424 847 4512 archetypo
861 4421 1074 4492 illustrissimi
1088 4421 1214 4490 Leonis
1229 4421 1492 4510 Rzyszczewscii
1539 4422 1654 4510 roprio
1671 4421 1883 4508 descriptum.

531 4509 574 4592 (²)
594 4511 646 4575 De
659 4509 817 4600 Sulejorria
826 4510 894 4594 jam
910 4531 1009 4595 saepe
1025 4507 1160 4578 dictum:
1183 4529 1202 4573 o
1229 4509 1339 4592 pidum
1356 4516 1407 4572 eet
1423 4507 1465 4572 ad
1481 4447 1616 4572 Piliciae
1632 4507 1722 4593 ripas
1737 4507 1771 4571 in
1787 4507 1923 4594 regione
1940 4505 2093 4572 Petrico·

428 4589 534 4658 riensi
548 4601 581 4658 et
595 4591 630 4658 in
646 4594 801 4661 confiniis
815 4593 954 4660 Me'oris
970 4613 1044 4658 cum
1058 4593 1191 4659 Minore
1238 4592 1360 4658 clonia.
1526 4595 1532 4606 '

531 4677 575 4754 (⁸)
597 4677 820 4766 Bnldrapctlw
857 4677 1124 4763 'apsrochiolis
1140 4675 1208 4742 inr
1252 4676 1329 4742 ione
1343 4674 1535 4764 Zgierzensi
1550 4675 1623 4742 sita.
1928 4747 1931 4754 Ι
2080 4755 2088 4770 ⁸

469 4841 477 4858 .
513 4758 574 4906 ἲ)
596 4760 732 4842 Bretina,
750 4761 828 4828 villa
848 4761 1027 4850 parochiae
1057 4697 1407 4844 Baldrzyiioviensis,
1437 4759 1527 4826 conf.
1552 4757 1766 4848 privilegium
1789 4758 1831 4824 ad
1844 4757 1895 4825 N0.
1907 4755 1963 4836 IV,
1992 4750 2090 4821 Toou

425 4863 524 4930 prrmr
542 4920 545 4926 Ι
560 4845 635 4930 ujus
651 4843 798 4927 Codicis,
813 4869 890 4933 pag.
905 4845 955 4929 il,
970 4845 1216 4912 annotationem
1231 4853 1391 4927 quartam.
2039 4849 2043 4858 '
