4890 5924
1089 711 1417 784 --sto-

448 921 653 1029 qui‘sc'in
676 919 798 1000 dictis
820 915 943 998 bonis
964 909 1216 1014 locaverint,
1258 939 1285 992 a
1306 907 1499 1016 tempore
1528 891 1754 990 locationis
1775 911 1924 994 damus
1947 921 1991 994 et
2012 942 2114 1000 con-

446 1041 636 1122 cedimus
673 1035 829 1119 Incolis
866 1031 990 1115 villae
1013 1031 1065 1112 de
1088 1029 1203 1139 agris
1243 1027 1368 1109 cultis
1406 1034 1603 1133 quatuor,
1640 1053 1767 1134 super
1802 1029 1932 1128 silvas
1964 1033 2116 1142 viginti
2167 1068 2170 1074 ·

445 1157 649 1244 annorum
670 1183 696 1235 a
718 1151 929 1248 solutione
953 1145 1120 1228 Census
1143 1153 1186 1224 et
1209 1146 1398 1225 decimae
1420 1142 1592 1252 plenam
1613 1155 1656 1221 et
1679 1145 1967 1229 omnimodum
1989 1148 2117 1234 liber.

444 1283 595 1374 tatem,
634 1268 801 1364 Quibus
845 1263 1024 1374 expletis
1047 1271 1090 1342 et
1112 1261 1293 1344 evolutis
1326 1261 1378 1339 de
1401 1259 1593 1366 quolibet
1617 1289 1776 1368 manse
1820 1272 1919 1347 octo
1962 1264 2143 1352 Scotos'

444 1410 689 1498 grossorum
721 1377 1005 1491 Pragensium
1041 1406 1117 1488 pro
1156 1377 1303 1460 Consu
1332 1377 1376 1456 in
1396 1376 1526 1459 Festo
1568 1376 1693 1459 Beati
1728 1377 1901 1462 Martini
1935 1385 2115 1494 singulis

444 1504 565 1587 annis
586 1501 708 1585 nobis
731 1508 775 1579 et
796 1500 950 1581 nostris
988 1493 1318 1581 Successoribus
1355 1493 1519 1577 solvere
1563 1493 1829 1580 tenebuntur.
1891 1497 2116 1608 Decimam

397 1669 402 1678 ·
446 1626 590 1702 autem
611 1618 777 1699 dabunt
795 1617 1053 1700 nobismore
1076 1613 1279 1696 Polonico
1304 1610 1597 1720 Campestrem
1616 1614 1666 1693 de
1685 1641 1818 1724 grano
1836 1617 2116 1726 quadruplici,

444 1737 644 1821 videlicet
664 1735 833 1836 Tritici,
857 1731 1062 1843 Siliginis,
1078 1729 1224 1814 hordei
1241 1737 1283 1810 et
1300 1755 1480 1832 avenae,
1500 1727 1726 1834 ⁸Scultetus
1748 1759 1849 1816 vero
1871 1737 2131 1840 praedictus,

446 1868 613 1938 sextum
636 1854 850 1935 denarium
875 1851 928 1931 de
951 1849 1096 1933 Censu
1116 1873 1192 1956 pro
1214 1875 1260 1928 se
1282 1846 1538 1949 reservabit,
1555 1847 1683 1950 nobis
1701 1851 1893 1958 quinque
1915 1875 2116 1960 praesen·

446 1973 567 2072 tatis,
604 1972 787 2080 piscinas
825 1975 970 2050 autem
992 1965 1184 2048 influvio
1223 1967 1335 2047 dioto
1365 1963 1574 2049 Krosm'cu
1611 1973 1826 2074 quotquot
1869 1965 2113 2054 construere

419 2091 873 2198 ‘poterit,et1nansos
907 2114 958 2166 ex
979 2094 1162 2189 utraque
1199 2091 1322 2189 parte
1359 2080 1549 2164 habebit.
1583 2083 1788 2168 'Solvent
1825 2085 1954 2166 etiam
1991 2089 2113 2172 nobis

443 2207 524 2288 tria
544 2205 744 2316 prandia,
780 2203 899 2285 omni
929 2229 1040 2286 anno
1062 2226 1138 2310 pro
1161 2199 1351 2312 quolibet
1385 2200 1563 2310 prandio
1586 2231 1660 2286 sex
1681 2211 1844 2304 scotos,
1879 2204 1930 2284 de
1955 2207 2112 2310 quibus
2234 2232 2239 2240 ’

444 2323 632 2432 prandys
656 2319 872 2404 Scultetus
895 2348 1025 2402 unum
1045 2319 1267 2426 prandium
1288 2317 1511 2425 persolvet.
1573 2319 1753 2429 insuper
1784 2319 1967 2429 singulis
1991 2325 2112 2417 annis

445 2441 489 2520 in
511 2439 619 2522 festo
656 2438 853 2521 Paschae
874 2463 950 2546 pro
972 2431 1129 2520 honore
1168 2433 1348 2542 quilibet
1386 2432 1536 2518 Cmeto
1574 2467 1705 2519 unum
1742 2463 1937 2548 grossum
1968 2435 2148 2546 solvet,-

404 2575 411 2592 “
450 2555 667 2638 Scultetus
704 2564 848 2636 autem
888 2555 1133 2662 praedictus
1171 2562 1245 2633 aut
1282 2555 1349 2634 sui
1386 2553 1667 2636 Successores
1707 2555 1889 2664 legitimi
1930 2558 2116 2640 servient

352 2763 358 2770 ,
448 2669 571 2756 nobis
593 2700 689 2754 oum
712 2697 824 2778 equo
846 2673 1011 2755 valente
1035 2671 1139 2752 duas
1161 2699 1325 2751 marcas
1337 2732 1346 2774 ,
1363 2673 1406 2752 in
1426 2673 1626 2778 pancerio
1649 2671 1917 2755 cumbalista
1937 2683 1980 2754 et
2000 2677 2114 2785 slap-

448 2789 581 2902 pa,'et
602 2791 741 2874 omnia
763 2797 805 2869 et
826 2790 994 2900 singula
1014 2789 1096 2870 alia
1116 2787 1359 2897 praedictus
1382 2797 1424 2869 et
1446 2787 1677 2886 Cmctones
1696 2799 1739 2874 et
1754 2789 1971 2900 Scultetus
1991 2793 2114 2878 nobis

444 2917 495 3014 ¹et
514 2903 667 2992 nostris
705 2909 1027 2992 successoribus
1059 2903 1216 2986 facient
1238 2916 1281 2986 et
1302 2906 1617 3014 adimplebunt,
1650 2911 1706 2991 ad
1739 2909 1853 3016 quae
1885 2909 2000 3018 ipsos
2033 2909 2149 3000 dus,

447 3025 823 3134 Maydeburgense
859 3051 936 3106 seu
972 3025 1257 3108 Teutonicum
1293 3025 1433 3106 reddit
1455 3021 1681 3134 obligatos
1742 3023 1906 3107 Damus
1943 3021 2117 3136 insu’per

317 3147 322 3158 ’
447 3143 667 3253 praedicto
690 3141 879 3226 Sculteto
902 3151 945 3224 et
965 3144 1052 3224 suis
1076 3138 1405 3224 successoribus
1437 3139 1649 3226 licentiam
1685 3143 1888 3246 donandi,
1926 3170 2116 3230 eommu-

449 3261 587 3365 tandi,
609 3261 820 3344 vendendi
839 3259 909 3342 vel
930 3259 1011 3344 alio
1034 3259 1185 3371 quovis
1224 3261 1350 3344 modo
1387 3259 1597 3342 alienandi
1633 3259 1881 3344 Scultetiam
1923 3263 2119 3372 supradi-

451 3389 585 3484 ctam,
623 3378 850 3461 dummodo
871 3377 954 3463 hoo
975 3377 1052 3459 fiat
1074 3377 1125 3456 de
1149 3404 1360 3460 consensu
1396 3377 1540 3461 nostr'o
1563 3387 1606 3461 et
1626 3381 1862 3462 voluntate.
1922 3379 1975 3464 ln
1997 3381 2117 3464 cuius

448 3497 509 3580 rei
529 3497 815 3580 testimonium
838 3492 989 3606 Si'gilla
1008 3503 1200 3582 nostrum
1221 3505 1264 3576 et
1286 3495 1536 3582 Conventus
1560 3497 1755 3580 duximus
1773 3499 2115 3608 appendendum.

312 3629 318 3636 '
448 3614 606 3704 Actum
627 3615 672 3696 iu
692 3613 949 3704 Monasterio
983 3613 1198 3726 ance'ense'
1214 3617 1257 3695 in
1281 3615 1346 3696 die
1370 3613 1493 3697 Beati
1514 3613 1720 3704 Matthiae
1743 3615 1957 3726 Apostoli,
1993 3615 2119 3700 Anno

448 3731 621 3814 Domini
640 3729 697 3814 ML
722 3731 849 3817 000.
867 3731 918 3815 L.
935 3730 1009 3815 IV.
1040 3731 1342 3816 Praesentibus
1364 3731 1588 3844 Religiosis
1610 3735 1722 3817 viris:
1755 3733 1942 3817 Henrioo
1962 3731 2119 3839 Priore,

449 3847 599 3932 Fratre
620 3847 861 3958 Raphaele,
883 3849 1031 3934 Fratre
1055 3849 1273 3935 Clemente
1291 3849 1496 3970 Custode,
1518 3851 1722 3962 Magistro
1745 3850 1951 3951 Cedrone,
1967 3847 2118 3932 Fratre

325 3974 330 3984 '
450 3965 570 4070 Vito,
606 3964 758 4050 Fratre
792 3965 1021 4077 Hannone,
1057 3967 1206 4051 Fratre
1243 3967 1411 4053 Joanne
1449 3968 1680 4080 Capeliano
1716 3959 1888 4053 Domini
1916 3964 2116 4070 Abbatis,

450 4083 600 4172 Fratre
620 4081 839 4190 MistislaO,
875 4086 1023 4172 Fratre
1060 4086 1241 4174 Matthia
1277 4086 1576 4198 Subdavigero
1600 4097 1642 4170 et
1664 4087 1754 4200 alys
1776 4084 2118 4198 quampluribus

450 4201 536 4290 fide
560 4203 713 4314 dignis.
812 4297 814 4301 ι
1238 4239 1241 4250 ¹
1445 4245 1455 4260 =
