4930 5922
1172 723 1425 795 ..ao-

463 937 579 1011 ocrta
614 925 798 1009 sciencia
821 931 864 1006 et
884 923 1032 1033 gracia
1066 919 1196 1032 regiis
1231 923 1386 1006 nostris
1423 925 1745 1031 approbandum
1766 923 2063 1014 ratificandum
2084 941 2128 1014 et

462 1039 797 1132 confirmandum
835 1040 1042 1122 duximus.
1091 1039 1144 1123 In
1166 1039 1453 1149 omnibusque
1472 1042 1566 1124 eius·
1581 1043 1751 1148 punctis
1774 1045 1972 1127 clausulis
1996 1057 2040 1128 et
2058 1075 2125 1130 ar-

462 1165 599 1250 ticulis
636 1153 922 1270 approbamus
950 1157 1215 1270 ratificamus
1236 1167 1278 1239 et
1300 1158 1597 1241 confirmamus
1630 1160 1906 1244 decernentes
1928 1163 2030 1246 illud
2048 1165 2126 1248 de·-

458 1281 548 1366 bite
570 1289 613 1362 et
632 1288 833 1388 perpetue
855 1275 1066 1359 firmitatis
1085 1277 1216 1360 robur
1237 1276 1428 1392 obtinere
1449 1285 1598 1360 tenore
1613 1281 1877 1385 presencium
1894 1282 2121 1366 mediante.

458 1402 511 1484 In
533 1400 650 1481 cuius
671 1403 732 1479 rei
752 1405 836 1477 etc.
857 1393 1015 1476 Actum
1053 1392 1259 1492 Creeovie
1295 1393 1401 1477 feria
1435 1395 1570 1478 tercia
1605 1396 1718 1478 intra
1753 1387 1952 1508 octavam
1975 1397 2125 1485 Sancti

457 1517 627 1602 Martini
672 1515 796 1597 Anno
845 1512 1000 1595 domini
1051 1511 1269 1624 Millesimo
1322 1514 1664 1624 quingentesimo
1717 1525 1882 1625 quarto.
1942 1517 2124 1601 Prosen-

456 1637 573 1720 tibus
619 1629 984 1722 Reverendissimo
1022 1639 1066 1712 et
1100 1629 1361 1715 Reuerendis
1401 1631 1445 1712 in
1487 1628 1657 1716 Christo
1708 1632 1899 1739 panibus
1950 1633 2123 1718 Andrea

457 1751 790 1858 Archiepiscopo
813 1745 1055 1833 Gneznensi
1079 1758 1121 1830 et
1140 1750 1330 1857 primate.
1371 1744 1542 1830 doanne
1564 1746 1860 1836 Oracoviensis
1884 1759 1927 1831 et
1944 1751 2121 1838 Erasmo

455 1869 674 1956 Plooensis
710 1865 997 1950 Ecclesiarum
1033 1864 1271 1973 Episcopis.
1321 1863 1532 1950 Necnon
1552 1864 1795 1978 Magnificis
1815 1865 2057 1964 Venerabili
2079 1881 2122 1954 et

458 1988 687 2076 Generosis
722 1985 849 2070 Petro
878 1981 1056 2066 Kmitha
1077 1983 1128 2064 de
1150 1981 1365 2091 Visnycza
1387 1981 1662 2068 Oraeoviensi
1686 1994 1728 2066 et
1747 1985 1890 2094 Regni
1909 1985 2121 2072 Mersella

397 2179 403 2194 .
457 2103 554 2221 (sic)
576 2105 702 2189 Petro
733 2099 974 2212 Miskowskj
1011 2101 1283 2182 Lanoioiensi
1317 2101 1493 2186 Nicolao
1526 2101 1580 2184 de
1600 2101 1872 2211 Ouroszwakj
1889 2103 2122 2189 Lublincn-

455 2227 492 2308 si
511 2223 709 2333 palatinis
744 2218 1034 2327 Dobrogostio
1058 2217 1110 2300 de
1133 2211 1341 2329 Ostrorog
1370 2219 1652 2304 Poznaniensi
1672 2217 1841 2306 Jacobo
1865 2219 2121 2332 Syelduczlrj

458 2340 755 2452 Voynijozensi
775 2347 819 2418 et
839 2333 1076 2442 Capitaneo
1093 2333 1332 2445 Byeczensi
1349 2337 1474 2422 Petro
1498 2335 1832 2446 Sohaffianyecz
1854 2336 1908 2418 de
1928 2337 2122 2444 Pyeslro-

327 2493 337 2556 j
456 2487 522 2542 wa
543 2458 663 2540 skala
682 2452 945 2538 Vislicziensi
970 2463 1012 2536 et
1031 2452 1203 2538 Joanne
1230 2451 1397 2538 Jordan
1417 2453 1655 2563 Byecz'ensi
1677 2451 1928 2560 Castellanis
1949 2453 2120 2540 Joanne
2144 2497 2147 2506 ¹

459 2578 512 2658 de
532 2574 677 2660 Lasko
699 2569 962 2656 Cancellario
984 2571 1152 2658 Jacobo
1170 2571 1223 2654 de
1239 2569 1515 2680 Sydlowyecn
1536 2573 1803 2656 thezaurario
1825 2572 1969 2682 Regni
1988 2574 2122 2656 nostri
2151 2623 2157 2632 -

392 2775 395 2782 .
456 2687 909 2799 scanne-Rapnynuj
929 2689 986 2772 de
1007 2681 1216 2797 Tanozyn
1235 2687 1447 2774 Marsalko
1469 2687 1566 2801 (sic)
1597 2689 1655 2772 Et
1686 2689 1897 2776 Stanislao
1919 2688 2119 2776 Schsfra-

456 2839 593 2920 nyeez
615 2809 670 2892 de
689 2809 922 2918 Pyesoowa
943 2807 1059 2890 scala
1080 2805 1177 2921 (sio)
1202 2807 1522 2892 Sucoamerario
1545 2807 1672 2893 Ourie
1693 2819 1849 2912 nostre,
1871 2807 2119 2920 Ceterisque

458 2923 716 3036 Consiliarijs
738 2937 782 3008 et
802 2925 1080 3010 Ostiensibus
1102 2926 1255 3010 nostris
1277 2927 1444 3012 sincere.
1461 2934 1506 3009 et
1525 2925 1723 3012 fidelibus
1746 2926 1922 3010 dilectis.
1959 2925 2119 3008 Datum

456 3075 532 3158 per
566 3071 717 3128 manus
755 3043 944 3128 eiusdem
979 3041 1242 3128 Venerabilis
1279 3041 1461 3130 Joanuis
1485 3043 1537 3127 de
1565 3041 1711 3130 Lasko
1747 3043 1937 3130 Ecclesie
1974 3041 2118 3130 Gnes-

458 3165 599 3249 neusis
624 3173 665 3247 st
685 3162 826 3275 Regni
845 3160 979 3245 nostri
1001 3159 1254 3270 Cancellarij
1276 3163 1438 3246 sincere
1459 3162 1583 3248 uobis
1607 3162 1761 3273 dilectj.
1784 3237 1788 3244 .

1171 3505 1415 3623 lllllllllll.

908 3719 917 3762 ³
950 3730 1080 3858 Sine
1107 3730 1440 3852 loco-anno
1466 3731 1625 3816 1261.

455 3925 728 4008 Boleslaus
748 3927 982 4002 rerumne
998 3927 1161 4002 Gronovius
1176 3931 1209 4001 et
1223 3929 1427 4003 tendantne
1442 3929 1505 4000 lus
1518 3941 1580 4000 unc
1593 3945 1662 4000 cun
1678 3927 1805 4020 anjrgo
1820 3923 2000 4016 cunegunda
2013 3927 2118 4002 num

513 4031 637 4101 Bada
650 4031 828 4103 monaterii
842 4029 1085 4122 lausjoncnris
1099 4031 1251 4121 proprian
1264 4023 1392 4103 llinoldo
1409 4031 1470 4103 oin
1484 4029 1677 4103 maraviensi
1689 4028 1785 4102 lanu
1799 4031 1832 4100 st
1845 4045 1898 4118 pro
1912 4025 1971 4099 hcc
1985 4027 2060 4100 nlla

809 4133 991 4204 locustaria
1004 4133 1085 4204 uias
1097 4131 1189 4204 ndu
1207 4134 1347 4200 Rudnilei
1362 4133 1396 4203 at
1409 4131 1567 4200 Suctodot
1579 4126 1697 4202 walen
1710 4132 1763 4212 (¹).

559 4323 612 4410 In
645 4322 816 4408 nominc
853 4319 1011 4406 domini
1045 4321 1196 4406 Amen.
1249 4318 1463 4422 Quoniam
1505 4329 1660 4403 cuncta
1691 4317 1820 4400 trahit
1840 4343 2007 4424 secum,
2026 4322 2118 4414 uol-

457 4441 602 4557 uitque
637 4435 821 4544 uolubile
857 4448 1044 4554 tempus,
1074 4469 1129 4524 ne
1160 4441 1348 4524 humana
1370 4445 1497 4554 gesta
1515 4437 1715 4522 labantur
1751 4465 1777 4518 a
1797 4439 2116 4522 memoriosum

559 4673 602 4750 (¹)
622 4671 673 4738 Ex
689 4673 870 4759 archetypo
900 4671 1150 4738 membranaceo
1180 4670 1394 4768 doctissimus
1415 4667 1739 4768 Anemuczkowski
1753 4667 1963 4768 privilegium
1977 4669 2041 4736 hoc
2057 4635 2117 4738 de·

457 4751 602 4840 scripsit.
638 4755 739 4821 Aliud
768 4756 984 4845 apographon
1014 4755 1161 4844 ejusdem
1189 4753 1276 4818 haud
1292 4751 1392 4817 dubro
1408 4753 1582 4839 archetypi
1598 4763 1852 4818 commumeavrt
1866 4753 2039 4818 nobrsoum
2052 4753 2116 4820 do·

456 4839 546 4910 oties.
562 4837 740 4906 Slawirlslri
756 4841 957 4927 descriptum
973 4863 1013 4908 ex
1029 4839 1164 4906 archivo
1181 4838 1420 4918 Stanietcensis
1436 4838 1644 4922 monasterii,
1675 4837 1736 4906 sed
1750 4836 1967 4925 apographon
1983 4835 2117 4906 stain-
