4822 5924
1142 663 1420 740 ..333-

431 901 551 964 ‚cum
573 859 703 956 altera
722 857 914 956 venimus
930 859 1077 993 vigore
1095 863 1273 1008 querum
1294 866 1509 950 literarum
1523 861 1919 954 credenei'eliumt
1875 877 1919 956 et
1933 862 2106 960 nomine

453 994 679 1082 eorundem
710 983 984 1075 dominorum.
1008 1017 1101 1071 oum
1124 992 1216 1096 ipso
1239 987 1405 1072 domino
1427 985 1651 1098 degelone
1671 1015 1861 1102 mengno
1882 995 1991 1078 duce
2010 1016 2107 1105 prs·

451 1141 574 1198 narra
576 1124 631 1216 t0,
576 1110 967 1195 toondicionalit
949 1118 1012 1192 ter
1049 1105 1303 1192 difiniuimus
1336 1118 1378 1188 e't
1398 1105 1547 1189 taliter
1571 1112 1856 1220 praetendimus,
1892 1115 1954 1195 ite
1991 1115 2107 1224 quod

451 1237 588 1346 ipsum
608 1257 685 1342 pro
708 1229 876 1314 domino
899 1257 951 1312 ac
972 1225 1093 1340 Rege
1116 1228 1284 1337 Rengni
1306 1227 1505 1331 ciusdem,
1526 1222 1725 1312 videlicet
1743 1227 1916 1316 Polonie
1938 1234 2105 1320 domino

449 1363 592 1438 nostro
612 1349 895 1461 perelegimus
915 1358 960 1430 et
981 1347 1262 1456 asumpsimus
1294 1345 1414 1428 sibi
1406 1369 1580 1458 quoque
1610 1343 1921 1436 inclitissimam
1942 1351 2106 1436 Hedu'i·

450 1500 593 1586 geme
597 1468 866 1580 tpreclaram
902 1468 1111 1580 Reginam
1148 1465 1322 1550 Polonie
1353 1475 1429 1548 nat
1412 1467 1640 1567 tsmalem
1629 1497 1672 1548 1n
1694 1469 1918 1582 coniugem
1950 1473 2106 1584 legitti-

449 1621 563 1678 mam
599 1589 842 1675 condicione
878 1585 1174 1670 matrimoniali
1210 1585 1399 1667 dedimus
1437 1587 1725 1671 condonamus
1768 1589 2020 1676 conferimus
2064 1603 2108 1675 et

451 1719 551 1797 cont
533 1711 702 1793 tulimus
733 1707 1012 1816 copulandam
1045 1705 1346 1818 qnemquidem
1378 1714 1563 1789 nostram
1585 1706 1895 1793 ordinacionem
1928 1720 1970 1792 et
2002 1711 2106 1794 defi-

450 1833 658 1915 nicionem
687 1837 873 1911 nostram
897 1837 938 1907 et
960 1833 1226 1910 contractum
1247 1833 1293 1906 vt
1313 1821 1519 1931 prefertur
1539 1827 1658 1908 iuxta
1678 1827 1804 1908 ritum
1835 1829 2106 1941 legacionum

451 1961 700 2036 nostrarum.
734 1945 789 2029 ab
811 1945 1003 2030 omnibus
1040 1941 1314 2053 Rengnicolis
1351 1943 1519 2052 Reng'ni
1554 1947 1786 2053 prenarrati
1822 1951 2104 2058 promittimus

451 2083 494 2154 et
516 2067 769 2179 spondemus
805 2075 898 2148 rata
929 2074 1127 2176 grateet
1110 2061 1447 2145 tinviolabiliter
1482 2059 1570 2144 fore
1608 2069 1921 2174 conseruando,
1955 2067 2106 2153 Eciam

450 2218 546 2272 oum
569 2187 715 2271 eodem
740 2183 906 2268 domino
928 2177 1182 2294 dagalone
1163 2208 1323 2266 summo
1347 2181 1455 2264 duce
1476 2183 1681 2290 premisso
1703 2187 1848 2322 vigore
1873 2197 1914 2269 et
1936 2191 2103 2272 nomine

448 2308 733 2418 predictorum
769 2302 1147 2440 Rengnicolarum,
1181 2299 1520 2386 Conuencionem
1553 2306 1863 2409 composuimus
1888 2307 2105 2390 condicta-

449 2428 586 2510 uimus
619 2434 661 2505 et
692 2422 995 2505 decreuimus
984 2450 1027 2503 m
1058 2419 1265 2518 Lnblm,
1254 2449 1297 2500 m
1330 2421 1395 2502 die
1426 2419 1743 2506 Purificacionis
1765 2427 1894 2508 marie
1916 2431 2104 2538 proxime

452 2543 661 2628 afuturum
673 2540 728 2656 (l)
741 2541 828 2626 fore
846 2542 1103 2652 generalem,
1123 2541 1178 2624 ad
1196 2565 1324 2645 quam
1346 2539 1457 2626 idem
1480 2540 1672 2624 dominus
1694 2541 1724 2625 J
1727 2544 1853 2653 ageio
1875 2546 2104 2658 dux'sepe-

449 2665 590 2748 dictus
612 2661 923 2744 cumfratribus
945 2659 1252 2771 ethrrigenis
1283 2661 1369 2742 suis
1401 2663 1705 2772 cuiuscumque
1741 2665 1924 2748 existant
1958 2667 2105 2750 eondi-

450 2784 596 2886 oionis‚
614 2789 706 2864 tute
729 2793 773 2866 et
791 2809 937 2864 secure
957 2782 1099 2863 venire
1121 2777 1304 2880 debebit,
1324 2779 1490 2863 interim
1511 2788 1555 2864 et
1577 2781 1881 2866 ambasiatores
1903 2813 2105 2869 seunun*

451 2905 538 2987 cios
560 2929 673 3006 suos,
690 2902 918 2985 inmedieto
939 2909 1149 3008 ternpore,
1170 2921 1244 3008 per
1264 2897 1481 2984 uniuersos
1513 2895 1701 2984 confines
1734 2900 1902 3014 Reng‘ni
1933 2905 2103 2989 Polonio

450 3049 547 3104 cum
578 3023 690 3105 omni
720 3023 945 3103 securitate
976 3021 1140 3101 mittere
1172 3045 1250 3102 sna
1281 3020 1461 3127 negocia
1490 3019 1621 3104 libere
1652 3020 1928 3126 ordinandos,
1946 3023 2006 3106 'Et
2026 3051 2102 3108 nos

450 3142 600 3224 milites
635 3142 887 3250 prenarrati,
923 3139 1203 3248 promittimus
1225 3135 1324 3220 fidei
1345 3149 1486 3226 nostre
1507 3139 1587 3221 sub
1611 3140 1749 3223 edicto
1772 3147 1816 3222 et
1835 3142 2023 3248 honoris,
2046 3143 2101 3230 sb

451 3261 645 3346 omnibus
657 3260 927 3370 chgnicolis
944 3257 1112 3368 Rengni
1128 3257 1313 3358 Polonic,
1326 3256 1463 3340 eidem
1480 3258 1659 3344 domino.
1677 3258 1929 3373 tugalost)
1941 3287 2104 3348 summo

452 3380 549 3463 duci
568 3380 776 3491 prelibato
799 3408 895 3462 curn
917 3377 1107 3460 omnibus
1139 3374 1338 3458 fratribus
1370 3378 1456 3460 suis
1478 3387 1521 3460 et
1540 3378 1780 3464 hominibus
1811 3381 2030 3466 vniuersis.
2061 3383 2105 3465 in
2142 3365 2148 3390 '

450 3503 737 3583 convencione
760 3498 907 3580 endem
930 3495 1217 3598 existentibus,
1239 3523 1290 3578 ac
1308 3497 1485 3606 Nuncijs
1519 3499 1706 3582 eiusdem
1728 3503 2104 3586 ante'conuencio·

449 3647 544 3700 nem
575 3627 862 3728 prenarratam
883 3645 958 3728 per
980 3617 1154 3702 Terram
1184 3616 1355 3702 Polonie
1387 3617 1772 3702 transientibus·vol
1793 3622 1836 3701 in
1858 3649 1910 3702 ea
1929 3648 2103 3704 manen·

451 3739 584 3840 tibus,
606 3765 755 3821 secure
777 3767 826 3820 ac
848 3741 1045 3820 vniuersa
1068 3743 1110 3816 et
1130 3736 1297 3848 singule
1337 3763 1482 3846 agere,
1515 3739 1609 3822 dolo
1633 3748 1674 3820 et
1693 3737 1841 3822 fraude
1883 3739 2102 3845 quibusuis

449 3799 735 3968 proculmotis.
788 3857 838 3940 In
868 3857 991 3940 huius
1022 3855 1083 3938 rei
1103 3855 1388 3939 testimonium
1421 3867 1464 3938 et
1493 3858 1752 3942 euidenciam
1791 3855 1940 3971 Sigilla
1980 3869 2104 3942 notra

449 3974 761 4088 presentibus
750 3976 948 4056 russimus
984 3971 1072 4058 fore
1109 3975 1407 4085 appendenda,
1446 3987 1585 4060 actrnn
1619 3987 1663 4060 et
1693 3977 1838 4109 datum
1878 3978 1922 4060 in
1964 3973 2102 4062 Voltc-

442 4106 444 4112 '
451 4091 586 4277 tn'pzko
608 4095 625 4208 l
632 4093 662 4205 ²)
684 4091 874 4178 Annoet
895 4077 960 4176 dic
984 4119 1068 4200 quo
1091 4119 1229 4199 supra.

559 4355 597 4440 (²)
631 4353 831 4444 Wolkomyok,
847 4351 1025 4444 oppidum'
1016 4376 1050 4418 m
1064 4348 1250 4424 Lithuania.
