4930 5922
1113 638 1168 750 ¹-
1226 699 1294 768 lta
1348 731 1398 748 -·

417 905 548 986 mium
584 905 639 984 sit
671 907 878 1008 paratum.
931 891 1114 981 Proinde
1151 897 1347 980 noverint
1391 898 1575 979 universi
1621 907 1843 1016 presentes
1875 909 1918 981 et
1948 899 2089 1005 firtmi,
2148 910 2151 918 '

418 1023 559 1134 quod
555 1045 647 1103 nos
669 1011 800 1099 Least
784 1027 853 1100 too
885 1016 967 1097 Dei
999 1015 1147 1125 gracia
1179 1015 1265 1096 dux
1287 1013 1494 1120 Oracovie'
1518 989 1872 1099 Sandbmiriensis
1893 1026 1937 1099 et
1958 1016 2090 1126 Syra-
2112 1087 2117 1094 .

418 1139 571 1222 aiensis
592 1137 665 1246 qui
688 1164 739 1216 ex
762 1133 970 1242 dignitate
989 1135 1251 1240 principatus
1279 1113 1541 1242 singulorum
1563 1133 1713 1215 merita
1734 1133 1925 1244 diligenti
1948 1139 2084 1241 consi-

301 1300 308 1310 ,
419 1256 645 1338 deracione
667 1252 871 1333 debemus
893 1253 1044 1334 intueri
1060 1251 1250 1334 volentes
1269 1251 1442 1333 cuilibet
1425 1260 1532 1359 tpro
1548 1251 1686 1332 meriti
1703 1252 1935 1361 qualitate
1925 1280 2087 1362 impen-

418 1373 516 1456 dere
539 1373 681 1480 gracie
704 1369 1050 1479 quantitatem‘in
1070 1369 1400 1453 retribucionem*
1435 1367 1733 1502 obsequiorum
1757 1367 1879 1452 nobis
1903 1381 1948 1452 et
1965 1373 2111 1454 terris·
2182 1462 2184 1467 .

416 1490 569 1574 nostris
594 1488 950 1684 ‘multipliciterp
954 1515 997 1569 er
1017 1483 1287 1581 Withconem
1320 1486 1567 1594 supparium
1598 1495 1786 1570 noenum
1815 1491 2086 1594 presbiterum
2130 1485 2139 1496 “

416 1611 498 1717 ipsi
519 1635 570 1688 ac
591 1607 723 1714 ipsius
759 1611 858 1713 post
859 1607 937 1687 eris
970 1604 1084 1688 Oiuit
1067 1612 1197 1686 tatem
1230 1603 1430 1722 Nostram
1454 1600 1841 1722 Sandomiriensem
1873 1607 2022 1688 damus
2044 1616 2106 1688 et·

416 1727 553 1834 tytulo
574 1715 778 1832 perpetue
801 1723 1045 1806 donacionis
1067 1721 1271 1803 tradimus
1305 1713 1428 1802 subt·
1418 1749 1507 1804 rure
1508 1709 1785 1805 theutonico
1817 1731 1862 1805 et
1888 1723 2086 1806 libertate
2175 1749 2182 1764 ·

416 1841 733 1950 meydburiensi
767 1841 994 1952 locaoionis
1030 1839 1199 1922 locandi
1233 1848 1276 1918 et
1306 1840 1571 1922 conuocandi
1603 1841 1659 1920 ad
1683 1840 1863 1923 eandem
1894 1841 2084 1939 homines

418 1959 703 2070 quarumlibet
732 1959 957 2040 nacionum
980 1969 1023 2039 et
1043 1958 1343 2065 vndecumque
1379 1955 1512 2038 libere
1532 1966 1674 2040 temen
1691 1957 1959 2042 condicionis
1979 1959 2086 2042 libe:
2174 1969 2179 1980 '

283 2123 286 2132 Δ
416 2087 506 2159 rem
539 2087 581 2158 et
611 2077 894 2159 omnimodam
929 2075 1196 2176 facultatem3
1241 2075 1526 2156 concedentes
1564 2075 1779 2173 omnibus,
1819 2077 1892 2185 qui
1928 2075 2087 2159 ibidem

413 2193 543 2276 locati
564 2192 735 2295 fuerint,
767 2220 893 2300 super
926 2194 1048 2275 cultis
1071 2219 1148 2274 seu
1169 2195 1283 2301 agris
1306 2193 1547 2300 exstirpatis
1570 2203 1665 2276 octo
1689 2220 1894 2276 annorum
1913 2193 2085 2278 liberta-

415 2321 500 2394 tem
521 2311 752 2420 plenariam
789 2338 815 2390 a
836 2337 988 2392 census
1026 2312 1203 2392 dacione
1225 2322 1268 2390 et
1289 2311 1344 2391 ab
1368 2305 1562 2393 omnibus
1583 2320 1680 2392 tam'
1703 2312 1921 2394 ordinariis
1954 2339 2085 2422 quam

306 2455 313 2469 ¹
418 2429 754 2512 extraordinariis
789 2425 950 2508 iuribus
974 2439 1016 2532 et
1036 2425 1319 2512 solucionibus
1358 2431 1660 2539 qualicumque
1696 2427 1905 2512 vocabulo
1938 2457 2085 2512 cense-

417 2557 553 2630 antur.
606 2545 675 2627 Ad
696 2545 919 2627 locandam
953 2547 1162 2656 siquidem
1193 2540 1459 2654 prehabitam
1482 2545 1710 2631 Ciuitatem
1733 2546 1927 2628 addimus
1949 2548 2086 2630 eidem

417 2663 487 2748 Wi
490 2664 634 2746 thconi
673 2663 879 2745 ducentos
914 2661 1059 2748 laneos
1095 2663 1359 2747 franconicos
1391 2663 1570 2748 Oiuibus
1591 2690 1667 2775 pro
1690 2665 1948 2775 agricultura
1969 2693 2086 2748 exer-

418 2781 556 2864 cenda
577 2791 620 2860 et
637 2779 839 2862 habenda
860 2781 911 2862 de
935 2781 1089 2890 quibus
1111 2783 1246 2864 laneis
1265 2781 1459 2865 omnibus
1482 2793 1647 2864 sextum
1678 2809 1875 2864 mansum
1909 2769 2108 2876 liberum,

419 2911 581 2982 sextam
619 2901 779 3014 curiam
813 2898 989 2980 liberam
1033 2911 1336 3010 sextumque
1323 2909 1387 2982 ort
1387 2928 1458 2981 um
1493 2909 1572 2982 etc.
1609 2899 1787 2981 liberum
1824 2929 1850 2980 a
1871 2879 2085 3000 solucione

340 3073 345 3078 -
415 3017 572 3143 census
596 3025 638 3096 et
661 3025 784 3108 exact
786 3015 878 3100 ione
909 3015 1247 3156 predictust
1157 3015 1228 3102 Wi
1230 3017 1337 3100 thco
1352 3045 1449 3100 cum
1470 3005 1556 3101 suis
1578 3026 1677 3126 post
1680 3019 1759 3110 eris
1780 3011 1949 3101 racione
1972 3003 2086 3101 loca‘·¹

420 3130 552 3218 cionis
577 3143 619 3216 et
639 3131 871 3216 eduooacie
891 3161 1025 3244 quam
1045 3137 1088 3216 in
1108 3137 1201 3245 ipsa
1225 3135 1409 3220 Ciuitate
1432 3164 1561 3246 quam
1581 3135 1819 3218 locauerit
1808 3163 1897 3216 rure
1917 3133 2090 3253 heredi:

417 3253 524 3339 tario
560 3251 785 3334 tenebitin
807 3261 1059 3360 perpetuum
1091 3252 1271 3362 pacifice
1303 3263 1346 3336 et
1376 3257 1519 3364 quiete
1540 3252 1787 3364 possidebit.
1823 3252 1890 3336 De
1926 3247 2086 3338 mansis

282 3405 292 3420 ·
418 3369 590 3481 quidem
627 3370 749 3451 cultis
788 3373 957 3469 evoluta
993 3371 1185 3454 libertate
1222 3373 1469 3480 supradicta
1500 3381 1596 3468 octo
1630 3379 1835 3457 annorum
1854 3371 1977 3458 nobis
1997 3371 2086 3464 eul-

416 3499 530 3574 tores
552 3515 849 3598 agrorumper
870 3498 966 3572 octo
988 3501 1129 3573 scotos
1167 3491 1334 3598 argenti
1371 3491 1597 3600 examinati
1634 3491 1801 3579 scirent
1822 3490 1874 3572 de
1897 3489 2087 3598 quolibet

417 3632 576 3689 manso.
610 3605 678 3686 Dc
699 3605 921 3690 noualibus
942 3635 1042 3690 vero
1066 3608 1296 3690 etincnltis
1318 3601 1503 3692 sedecim
1526 3612 1646 3696 aunis
1668 3609 1906 3691 libertatem
1938 3636 1964 3688 a
1986 3635 2084 3688 cen·

418 3750 490 3806 sus
512 3723 726 3806 solucione
750 3733 792 3804 et
815 3727 1033 3808 exactione
1072 3726 1264 3836 qualibet
1283 3725 1527 3807 retinebunt
1548 3737 1590 3806 et
1610 3735 1988 3834 quantumcunque
2009 3749 2085 3804 110·

417 3843 483 3926 bis
508 3841 718 3945 exspirata
755 3844 879 3923 cedet
911 3842 1107 3944 libertate
1141 3845 1193 3925 de
1216 3843 1404 3954 quinque
1440 3844 1611 3926 mansis.
1648 3839 1916 3925 tantumdem
1953 3839 2085 3922 aduo-

418 3969 540 4043 catus
562 3955 734 4039 Withco
756 3985 855 4039 cum
877 3963 963 4041 ruis
986 3964 1166 4067 posteris
1189 3962 1239 4042 de
1262 3973 1381 4042 sexto
1412 3988 1582 4063 manso,
1614 3969 1733 4040 sexta
1765 3959 1880 4039 curia
1902 3966 1946 4037 et
1966 3967 2085 4039 sexto

418 4089 508 4164 orto
546 4102 714 4181 semper
751 4079 957 4185 percipiet
993 4075 1230 4162 solucionis.
1283 4077 1492 4160 Addimus
1529 4075 1698 4187 insuper
1721 4071 1896 4160 Oiuitati
1915 4084 2084 4158 nostrae

419 4193 747 4281 Sandomiriensi
786 4196 1031 4304 supradicte
1066 4198 1219 4306 viginti
1255 4195 1399 4278 laneos
1438 4195 1626 4278 eiusdem
1676 4220 1873 4276 mensure
1920 4191 2086 4276 franco·
2173 4243 2178 4258 ι

417 4316 512 4396 nice
549 4339 624 4421 pro
660 4315 830 4420 pascuis
853 4313 1102 4396 animalibus
1123 4312 1328 4396 faciendis
1348 4313 1571 4422 dequibus
1593 4311 1707 4393 nulla
1729 4313 1888 4395 solucio
1908 4311 2086 4392 durante

416 4431 610 4514 libertate
630 4437 784 4538 etpost
802 4430 1042 4514 libertatem
1062 4431 1185 4516 nobis
1208 4431 1343 4513 cedet.
1367 4431 1569 4516 Preterea
1591 4431 1725 4515 eciam
1746 4429 1936 4538 predicto
1953 4429 2085 4514 aduo-

410 4564 514 4632 cato
531 4549 748 4632 Withconi
770 4577 865 4631 cum
887 4553 973 4632 suis
994 4551 1174 4659 posteris
1197 4553 1248 4633 de
1272 4551 1417 4658 gracia
1448 4559 1592 4631 nostra
1628 4542 1802 4656 speciali
1838 4547 2086 4658 superaddi-

381 4692 512 4749 mus
549 4677 644 4752 octo
681 4695 850 4750 mansos
886 4667 1041 4752 liberos
1078 4669 1260 4777 penitus
1291 4696 1315 4746 a
1348 4694 1498 4748 census
1536 4663 1751 4753 solucione
1790 4677 1832 4748 ct
1865 4662 2083 4748 exactione

420 4791 651 4890 exemptos.
702 4784 771 4864 De
792 4785 956 4885 iudiciis
978 4813 1076 4870 vero
1099 4783 1383 4897 singularibus
1402 4785 1624 4868 vannuatim
1655 4784 1778 4870 nobis
1811 4785 1895 4868 duo
1927 4781 2087 4864 denarii
