4856 5932
1090 681 1367 756 -364-

170 944 174 955 .
279 955 315 1014 <a
399 881 588 976 sentibus
610 881 691 990 hijs
711 879 891 966 testibus
914 879 1104 968 Strenuis
1125 910 1178 964 ac
1198 879 1423 969 Nobilibus
1460 879 1560 968 viris
1581 881 1760 966 dominis
1782 850 1982 1004 chotba
2001 885 2055 970 de

278 999 287 1068 ἶ
391 1000 564 1110 Pissory
587 999 641 1114 (⁵)
682 996 921 1086 Vexillifero
964 1001 1240 1088 Oracouiensi
1281 999 1461 1088 Ohebda
1483 1003 1535 1084 de
1558 1001 1697 1113 Tropa'j
1738 1001 1970 1113 Spithcone
2001 1005 2053 1088 de

215 1105 251 1255 b
294 1138 301 1180 ἰ
379 1118 580 1206 'Szedlecz
620 1120 784 1204 zaclica
816 1119 867 1202 de
899 1118 1128 1206 Thoctolow
1171 1120 1364 1206 Zauissio
1397 1121 1450 1204 de
1490 1117 1780 1226 Wrzclwmslco
1814 1123 1979 1210 nicolao
2002 1123 2054 1208 de

251 1259 263 1299 t
283 1298 320 1420 d
396 1235 563 1349 chpb'n
583 1247 627 1322 et
646 1239 739 1348 alijs
762 1240 1081 1354 quampluribus
1102 1238 1370 1353 fidedignis
1470 1282 1472 1288 ¹

366 1527 369 1533 .
498 1478 541 1562 7(5)
566 1471 681 1562 Piscry
696 1473 775 1540 villa
789 1463 1065 1543 Sandomiriensis
1080 1473 1178 1542 hodie
1194 1474 1339 1562 regionis
1354 1473 1701 1572 (parochiavSodotleo).

950 1779 953 1786 ’
1093 1781 1367 1902 onmxu.

652 2039 962 2125 §andaciae
975 2041 1126 2124 -dic
1142 2039 1216 2128 25
1231 2037 1438 2143 Aprilis
1455 2033 1608 2126 1403
1627 2057 1792 2124 anno.

393 2259 1213 2348 oclnaoonsmavonnnnanculorum,
1228 2227 1638 2348 clariosissimorum
1649 2224 1985 2334 dissonando
1999 2264 2071 2344 a..

496 2469 539 2553 N
541 2495 586 2554 os
607 2469 807 2588 Nicolaus
829 2468 996 2554 Trewal
1016 2468 1250 2555 advocatus
1271 2467 1485 2550 sandecen
1505 2468 1547 2554 N
1549 2495 1636 2554 owe
1647 2467 1757 2583 (sic),
1778 2471 1928 2556 Petrus
1950 2495 2047 2582 ger-

394 2589 519 2698 nugi,
559 2588 765 2672 iohannes
786 2587 1085 2704 Bovensceter‚
1107 2585 1295 2674 nicolaus
1316 2589 1448 2697 pistor
1470 2596 1517 2671 et
1533 2587 1715 2672 harnulh
1736 2599 1924 2700 etmyco
1944 2589 2051 2674 lani-

384 2706 509 2813 dces,
530 2707 733 2792 iohannes
764 2707 948 2820 frakugy
978 2706 1160 2812 scabini,
1196 2715 1345 2792 notum
1375 2707 1567 2804 volumus
1588 2727 1682 2824 esse
1705 2708 1861 2816 quibus
1884 2707 2054 2821 expedit
2130 2721 2131 2724 ‘

392 2827 610 2910 universis:
635 2823 761 2928 Quod
784 2827 842 2910 ad
859 2837 1047 2913 nostram
1069 2826 1278 2910 accedens
1299 2827 1581 2935 presenciam,
1599 2825 1771 2912 Judicio
1792 2829 1835 2912 in
1855 2826 2050 2932 Bannito,

391 2946 592 3056 providus
613 2947 676 3030 vir
698 2945 919 3042 Johannes
956 2949 1082 3052 culer‚
1120 2973 1247 3029 sanus
1279 2969 1514 3054 compsque
1538 2946 1635 3061 (sic)
1657 2948 1848 3056 racione,
1869 2956 2047 3033 mortem

390 3065 538 3176 pocius
559 3065 706 3149 volens
728 3068 946 3174 prevenire
968 3092 1098 3175 quam
1118 3091 1343 3177 precavere
1357 3062 1426 3178 (l),
1445 3073 1601 3176 etpost
1616 3063 1681 3149 sui
1697 3064 1858 3149 obitum
1878 3066 2050 3177 singula

392 3183 507 3266 bona
529 3213 606 3266 sua
626 3183 797 3270 mobilia
830 3195 873 3270 et
902 3185 1131 3270 immobilia
1163 3213 1257 3295 cum
1289 3183 1538 3268 utensilibus
1570 3185 1746 3289 domus,·
1773 3184 1833 3267 nil
1872 3194 2049 3296 excepto

391 3303 576 3387 virtuose
599 3305 766 3387 domine
787 3304 991 3389 Aluschie
1013 3331 1087 3386 sue
1108 3304 1293 3416 legitime
1316 3303 1550 3414 cpnthorali
1570 3329 1646 3414 pro
1666 3303 1851 3387 utilitate
1870 3331 1969 3410 sua,
1986 3305 2049 3388 di·

389 3423 597 3506 mittenda
618 3431 662 3506 et
681 3421 876 3528 facienda
895 3423 1147 3534 resignavit3
1185 3424 1279 3532 ipsa
1299 3449 1399 3506 vero
1420 3422 1606 3507 Domina
1625 3421 1829 3508 Alusohia
1850 3433 2050 3509 constan·
2157 3459 2164 3470 ·

316 3563 320 3570 ·
389 3549 453 3623 ter
474 3541 531 3655 (i)
553 3542 634 3627 sibi
653 3543 991 3654 rosignacionem
1012 3541 1116 3626 fecit
1136 3544 1375 3644 viceversa‚
1410 3543 1487 3626 sed
1517 3552 1615 3653 post
1635 3542 1798 3627 obitum
1827 3546 2050 3656 utriusque

390 3660 589 3770 ipsorum,
607 3661 780 3746 Domini
811 3663 1003 3746 consules
1034 3671 1215 3772 protunc
1247 3662 1531 3746 sardacenses
1552 3669 1750 3771 potentes
1773 3687 1866 3745 esse
1889 3660 2048 3747 debent

284 3797 289 3806 '
391 3777 586 3863 debonis
609 3809 750 3864 eorum
772 3780 1040 3866 manentibus
1063 3792 1233 3866 centum
1254 3807 1419 3864 marcas
1437 3777 1539 3864 cum
1561 3783 1873 3894 quinquaginta
1892 3781 2046 3865 marcis
2232 3863 2237 3880 ,

324 3893 327 3900 Δ
389 3898 593 3982 stanislao
615 3897 702 3984 filio
716 3901 806 3987 'filie
829 3911 972 3987 ecrur'n
992 3899 1251 4005 Katherine‚
1273 3904 1308 3983 si
1330 3901 1386 3982 ad
1407 3897 1539 3986 annos
1560 3903 1800 4012 pervenerit
1820 3899 2045 3984 discrecio·
2127 3960 2129 3964 -
2216 3895 2225 3916 '

389 4020 454 4105 nis
478 4027 521 4100 et
540 4014 621 4106 frui
649 4021 822 4126 poterit,
852 4021 920 4103 vel
954 4019 1113 4130 prolem
1148 4017 1345 4103 habuerit
1379 4045 1477 4102 cum
1515 4021 1639 4106 domo
1675 4048 1822 4104 eorum
1856 4017 2044 4129 plenarie

390 4139 490 4223 dare
513 4145 557 4221 et
576 4145 840 4246 presentare3
864 4140 1090 4220 sinautem
1123 4135 1359 4220 Stanislaus
1380 4137 1466 4219 iam
1488 4138 1627 4245 dictus
1658 4145 1892 4225 moreretur
1928 4149 2049 4222 antc-

390 4287 520 4371 quam
561 4256 615 4340 ad
657 4281 790 4338 annos
831 4256 1069 4366 pervenerit
1111 4254 1379 4360 discrecionis
1414 4268 1456 4338 et
1486 4257 1646 4366 prolem
1685 4287 1770 4344 non
1812 4269 2047 4367 generaret,

390 4387 543 4461 extunc
564 4375 879 4490 quinquaginta
898 4401 1062 4460 marcas
1085 4367 1210 4460 Ourie
1233 4373 1289 4489 (l)
1311 4385 1456 4471 sancte
1477 4373 1746 4488 Margarethe
1770 4383 1813 4460 et
1833 4377 2046 4489 quinqua-

387 4496 509 4606 ginta
538 4522 702 4579 marcas
735 4495 917 4580 claustro
948 4493 1084 4578 Beate
1103 4495 1297 4606 virginis,
1318 4523 1397 4578 nec
1418 4524 1502 4582 non
1523 4497 1839 4609 qninquaginta
1879 4519 2044 4580 marem

388 4615 670 4725 predictarum
700 4615 898 4728 hospitali
929 4625 1098 4700 centum
1130 4642 1227 4698 cum
1262 4600 1577 4730 'quinquaginta
1595 4615 1749 4700 marcis
1767 4615 1862 4700 'dari
1882 4615 1984 4701 fecit
2003 4621 2047 4698 et

493 4849 531 4932 (¹)
554 4849 771 4938 Archetypon
784 4849 873 4918 urbis
889 4829 990 4940 Nowy
1007 4849 1083 4936 Soet
1095 4849 1204 4916 dictae
1218 4848 1399 4938 proprium,
1417 4849 1592 4939 descripsit
1605 4849 1817 4940 zepkowski.
1941 4897 1946 4910 .
