4844 5936
1164 693 1438 764 -472—

352 989 355 998 ⁴
476 897 671 980 noticiam
692 891 910 996 habituris,
941 891 1153 1002 quomodo
1175 917 1251 1000 pro
1271 899 1392 1002 parte
1422 890 1684 978 Venerabilis
1721 903 1764 982 et
1791 894 1991 1008 relligiosi
2010 899 2126 984 Petri

472 1013 653 1109 Abbatis
674 1011 916 1095 monasterii
934 1009 1047 1093 celui
1066 1013 1218 1094 montis
1240 1019 1388 1094 sancte
1411 1014 1547 1096 crucis
1570 1014 1724 1097 ordinis
1747 1017 1883 1099 sancti
1903 1014 2142 1102 Benedicti

466 1134 623 1216 deuote
643 1130 769 1216 nobis·
788 1131 937 1235 dilecti,
959 1157 1010 1213 ao
1031 1155 1107 1242 pro
1128 1137 1249 1239 parts
1270 1131 1407 1214 tocius
1439 1130 1698 1238 Oonuentus‚
1738 1137 2025 1246 supplicatum
2061 1149 2126 1222 est

466 1251 588 1335 nobis
602 1259 656 1336 ut
676 1249 942 1360 priuilegium
959 1276 1086 1359 super
1108 1251 1231 1333 certis
1247 1249 1527 1356 libertatibus,
1551 1253 1894 1363 exempcionibus
1926 1265 1969 1337 et
1988 1256 2126 1341 indul-

349 1407 355 1416 ·
468 1371 534 1475 tis,
566 1368 679 1455 dicto
719 1371 973 1456 monasterio
997 1376 1058 1478 et
1098 1369 1336 1454 hominibus
1373 1366 1569 1485 eius'per
1589 1373 1876 1460 serenissimos
1912 1375 2125 1486 principes

467 1491 568 1573 olim
591 1489 794 1594 dominos,
814 1490 859 1570 in
879 1489 1022 1599 primis
1044 1485 1304 1572 Vladislaum
1339 1499 1538 1598 patruum
1575 1510 1835 1598 concessum,
1872 1501 1914 1577 et
1950 1495 2123 1578 tandem

464 1637 541 1720 per
563 1605 817 1692 Oazimirum
839 1607 1236 1720 genitoremReges
1258 1615 1301 1690 et
1321 1618 1611 1719 antecessores
1648 1620 1823 1716 nostros·
1849 1611 2124 1698 'charissimos

466 1727 771 1829 confirmatum,
793 1728 1038 1840 approbare,
1058 1731 1272 1832 innouare,
1295 1737 1338 1810 et
1359 1725 1570 1812 ratificare
1592 1730 1874 1840 dignaremur:
1901 1735 2019 1816 cuius
2040 1733 2125 1842 pri·
2158 1773 2165 1788 ·

466 1847 611 1960 uilegii
634 1849 687 1930 de
707 1848 842 1932 uerbo
866 1847 921 1931 ad
943 1847 1121 1931 uerbum
1143 1849 1333 1960 sequitur
1353 1857 1485 1932 tenor:

629 1965 679 2050 In
700 1969 867 2052 nomine
890 1967 1046 2050 domini
1067 1963 1121 2082 (²)
1145 1979 1282 2071 amen‚‘
1311 1967 1367 2049 ad
1397 1973 1648 2077 perpetuam
1663 1967 1725 2051 rei
1742 1970 2000 2054 memoriam.
2031 1969 2122 2054 Nos
2245 2059 2246 2064 a

521 2083 760 2170 Kazimirus
803 2087 871 2168 dei
907 2085 1053 2196 gracia
1089 2083 1182 2170 Rex
1219 2085 1390 2170 Polonie
1420 2115 1499 2168 nec
1534 2115 1618 2171 non
1640 2097 1843 2170 terrarum
1878 2085 2123 2192 Oraccouie,

523 2203 797 2310 Sandomirie,
830 2205 992 2292 Siradie
1025 2215 1105 2288 etc.
1145 2203 1251 2308 pride
1273 2205 1457 2317 superios
1481 2204 1534 2319 (³)
1558 2205 1743 2318 adfinem
1763 2233 1884 2318 osque
1905 2205 1977 2288 hoc
1990 2205 2123 2318 priui-

437 2353 447 2377 =
520 2319 663 2438 lepram
683 2324 751 2408 snb
773 2326 883 2438 sipon
886 2387 980 2408 .......
992 2324 1091 2434 finis
1112 2349 1207 2405 uero
1229 2321 1337 2406 r'llr'zrs
1359 2337 1413 2405 est
1435 2323 1543 2432 tnb's)
1567 2325 1712 2408 datum
1729 2353 1805 2436 per
1826 2351 1974 2408 manus
1991 2351 2123 2408 uene-

520 2441 662 2528 rabilis
685 2445 852 2528 Thoma
874 2443 926 2526 de
948 2443 1131 2556 Stropmo
1148 2443 1316 2560 (sic)'(⁴)
1339 2440 1534 2558 magistri
1553 2446 1596 2528 in
1617 2443 2120 2555 theologiadeoretorum
2145 2453 2157 2478 ’

523 2565 706 2648 doctoris
729 2573 771 2647 et
791 2563 932 2674 Regni
954 2563 1130 2648 Polonie
1150 2559 1495 2648 Vicecancellarii
1518 2566 1680 2648 sincere
1710 2563 1833 2648 nobis
1872 2563 2025 2656 dilecti:
2066 2561 2122 2646 ad

522 2683 774 2769 relacionem
799 2681 1001 2769 eiusdem.
1492 2709 1494 2716 ¹
1635 2677 1673 2696 ”
2091 2722 2093 2724 ·

625 2803 751 2886 1494.
783 2803 871 2890 Nos
894 2799 1084 2886 Joennes
1107 2797 1305 2885 Albertus
1329 2802 1382 2916 (⁵)
1405 2803 1496 2888 Rex
1517 2801 1691 2888 Polonie
1714 2810 1794 2886 etc.
1816 2801 1927 2884 hanc
1942 2801 2121 2884 litteram

520 2922 834 3029 confirmamus,
865 2919 1212 3032 ratificamusque
1234 2950 1363 3005 manu
1384 2923 1555 3033 propria
1574 2923 1617 3005 in
1638 2919 1833 3007 omnibus
1858 2919 2055 3004 clausulis
2079 2931 2122 3002 et

518 3041 687 3152 punctis
718 3051 843 3154 prout
863 3043 1056 3150 superius
1079 3042 1234 3150 scripte
1272 3043 1538 3126 continentur
1574 3071 1600 3124 a
1621 3037 1743 3125 nobis
1783 3049 1825 3124 et
1844 3039 2024 3150 posteris
2045 3064 2121 3122 no-

520 3165 616 3244 stris
637 3171 843 3272 perpetuo
865 3160 1087 3244 seruanda.
1126 3159 1287 3243 Datum
1308 3160 1400 3272 ipso
1425 3163 1490 3245 die
1511 3159 1756 3247 Natiuitatis
1793 3161 1920 3245 beate
1942 3157 2119 3270 uirginis

517 3281 561 3362 in
581 3281 677 3366 loco
700 3283 809 3366 calui
829 3281 995 3384 montis,
1018 3308 1128 3365 anno
1152 3279 1311 3366 domini
1347 3281 1564 3366 millesimo
1602 3279 2020 3392 quadringentesimo
2042 3303 2119 3362 no·

520 3404 741 3510 nagesimo
765 3409 932 3510 quarto.

562 3517 651 3606 Nos
671 3522 817 3632 itaque
841 3516 1140 3630 Sigismundus
1161 3517 1253 3605 Rex
1272 3517 1462 3628 prefatus
1487 3517 1692 3602 eiusmodi
1726 3515 2008 3627 peticionibus
2043 3539 2119 3624 pro

453 3631 579 3754 ¹'parte
602 3643 703 3724 dicti
723 3639 894 3734 abbatis
916 3639 1155 3722 monasterii
1175 3649 1321 3722 sancte
1359 3640 1507 3726 Orucis
1545 3648 1749 3749 tanquam
1785 3636 1908 3720 iustis
1929 3633 2118 3745 permoti,

458 3759 727 3872 priuilegium
747 3761 1026 3871 preinscrtum
1047 3760 1159 3842 omni
1181 3759 1430 3868 suspicionis
1455 3757 1562 3842 nicio
1593 3785 1753 3862 carens,
1788 3765 1832 3839 et
1863 3781 1949 3838 non
1979 3755 2116 3836 minus

562 3995 603 4076 (²)
628 3994 681 4058 De
697 3993 868 4080 privilegio
885 3985 1035 4062 casimiri
1050 3989 1271 4079 Jegellonidis
1286 3993 1405 4059 incerti
1421 3993 1508 4076 anni,
1534 3989 1624 4058 haud
1649 3989 1761 4071 dnbio,
1791 3995 1997 4074 transumpto
2014 3985 2120 4054 Joan·

458 4082 509 4147 nis
528 4079 659 4148 Alberti
674 4079 813 4150 inserto.
829 4082 949 4164 agitur:
961 4075 1037 4141 vide
1052 4077 1278 4144 annotationes
1293 4083 1476 4162 sequentes.
1937 4156 1944 4172 ι
2061 4155 2069 4171 ·
2094 4155 2102 4170 Ι

564 4166 605 4248 (³)
626 4163 747 4240 Verba,
777 4163 918 4247 quaein
946 4160 1135 4246 parenthesi
1162 4162 1379 4244 inveniuntur,
1411 4171 1488 4228 eunt
1517 4181 1586 4226 non
1613 4159 1704 4246 regis
1733 4159 1792 4228 sed
1819 4168 1965 4224 auctoris
1995 4155 2121 4224 eodlels

458 4249 760 4352 Stronczynsciani‚
776 4247 832 4332 qni
848 4251 972 4336 ripam
986 4265 1050 4311 non
1066 4245 1177 4332 posuit
1193 4256 1226 4312 et
1239 4256 1417 4333 propterea
1432 4246 1472 4312 de
1487 4245 1606 4330 quibus
1621 4245 1803 4333 privilegiis
1830 4240 2028 4312 mentionem
2055 4239 2120 4308 huo

459 4359 542 4476 esse?
555 4357 773 4504 lllclmhbinas
790 4417 830 4484 de
847 4417 1040 4509 Straampnn
1062 4413 1350 4484 vicecancellarius
1362 4416 1421 4487 ..ab
1448 4437 1476 4480 a.
1505 4415 1588 4482 1454
1613 4396 1775 4500 usquead
1799 4437 1828 4480 a.
1853 4413 1945 4480 1455.
1960 4411 2033 4492 fuit,
2050 4431 2118 4510 quo

385 4503 388 4510 ’
457 4507 634 4660 &scopus
650 4503 884 4606 Oracoviensis
898 4505 1007 4574 factus
1023 4515 1084 4572 eet.
1119 4501 1331 4603 l'rlvilegium
1348 4526 1377 4570 e.
1400 4503 1554 4570 1454-5.
1582 4499 1734 4601 casimiri
1759 4498 1917 4598 regisad
1946 4519 2045 4564 usum
2068 4517 2120 4594 sur

513 4591 595 4658 dicre
610 4617 675 4658 non
690 4588 1142 4741 descripsrttllcyszczewskn
1160 4608 1217 4676 qur
1235 4588 1412 4656 nonnullos
1427 4596 1553 4654 numm
1574 4587 1682 4654 sontes
1698 4585 1928 4673 diplomaticos
1944 4605 1986 4650 ex
2002 4578 2118 4648 codrce

565 4764 603 4858 (ἓ)
630 4699 1020 4850 Conclusoetilansnmpti
1034 4759 1124 4848 regis
1140 4759 1282 4830 Joanuis
1297 4757 1440 4839 Albert‘r,
1462 4759 1556 4844 cujus
1571 4755 1701 4824 initium
1717 4755 1752 4824 in
1768 4749 1963 4844 apographo
1989 4751 2120 4836 Bryn-

462 4845 616 4913 czewscri
631 4845 846 4914 desideratur.
1048 4901 1051 4913 t

462 4675 762 4762 Stroncaynscieno
781 4701 797 4744 e
