4822 5924
1230 585 1235 598 Ι

994 663 1270 744 -882-

304 870 543 960 stimonium
566 875 756 954 nostrum
777 865 961 978 sigillum
983 866 1249 977 presentibus
1271 873 1337 953 est
1357 883 1603 977 appensum·
1627 839 1782 953 Actum
1814 869 1961 958 dotum

307 991 398 1080 Sub
420 981 532 1082 enno
555 988 712 1097 dominj
732 982 808 1072 Mt
832 982 1020 1072 0⁰0⁰&
1034 980 1357 1074 L..XXXIIII⁰.
1389 987 1662 1076 Prosentibus
1682 987 1762 1095 hijs
1784 989 1963 1077 testibus

183 1208 186 1218 ‚
306 1109 496 1196 Jaskonc
514 1107 622 1194 Cive
646 1107 876 1192 camerario
907 1107 1063 1216 dominj
1101 1105 1401 1192 Orncowien'sis
1432 1106 1564 1194 nobili
1583 1109 1671 1192 viro
1692 1107 1866 1194 floriano
1886 1110 1962 1194 he·

305 1231 405 1314 rede
429 1230 480 1312 de
498 1225 837 1340 pclprinmumoioz
854 1222 952 1338 (sic)
976 1223 1030 1338 (θ)
1058 1223 1320 1336 precesao(?)
1344 1225 1456 1312 dicto
1473 1225 1624 1310 Lasccz
1646 1226 1699 1309 de.
1718 1225 1884 1328 Dumioz
1906 1227 1961 1342 (ὓ)

306 1349 469 1434 iacusic
488 1345 644 1430 herede
667 1345 721 1428 de
742 1344 852 1430 Lucz
873 1340 927 1456 (Ἰ)
947 1343 1006 1428 Et
1027 1345 1121 1454 slijs
1142 1345 1227 1428 fide
1249 1345 1400 1456 dignis.

397 1611 453 1708 ,μὶ
479 1607 755 1696 Piolprzymowicn
770 1589 848 1674 villa
862 1603 1093 1674 Crocoviensis
1109 1628 1166 1672 seu
1179 1605 1457 1672 Prosnowicensis
1486 1605 1642 1691 regionis,
1673 1605 1844 1692 (parochis
1870 1605 1962 1688 Wie-

308 1693 608 1859 elam{liburnico
624 1775 702 1842 villa
718 1776 817 1843 etiam
835 1775 980 1874 regionis
999 1773 1232 1872 cracoviensis
1248 1773 1421 1858 (parochis
1435 1773 1653 1856 lwunowice).

411 1863 454 1946 (⁷)
476 1865 621 1951 lamzpco,
637 1862 736 1926 etium
752 1860 979 1928 Crocovrensis
995 1859 1140 1947 regionis
1155 1858 1233 1923 villo
1250 1859 1421 1958 [parochio
1435 1861 1653 1946 Luborryne).

1041 2295 1235 2412 Cblllll.

618 2550 1031 2640 onocoetae-r
1047 2513 1482 2637 aunonenses
1501 2571 1666 2638 anno.

364 2772 612 2866 neuvrgrs
626 2775 732 2866 roura
747 2775 889 2849 runnu
902 2773 995 2848 urso
1009 2775 1132 2858 rreum,
1150 2771 1259 2844 nius
1275 2771 1421 2860 spiciunt
1433 2771 1643 2868 nummu
1657 2745 1859 2864 umnam,
1873 2776 1913 2852 u
2020 2763 2025 2770 ·

904 2877 1015 2950 nerito
1027 2873 1371 2964 uersuuonutu).
1948 2883 1952 2908 ι

414 3089 466 3174 ln
485 3089 653 3174 nomine
677 3087 832 3170 domini
853 3115 990 3168 umen.
1028 3083 1096 3167 Ad
1117 3093 1365 3196 perpetuam
1384 3084 1444 3165 rei
1465 3087 1719 3171 memoriam.
1766 3087 1855 3172 Nos
1876 3085 1966 3171 He'-

315 3209 454 3320 duigis
477 3209 543 3290 dci
565 3209 709 3318 gracia
729 3206 896 3316 Regina
916 3203 1106 3310 Polonie,
1141 3232 1307 3288 necnon
1338 3213 1542 3286 terrarum
1574 3205 1781 3290 Oraccuie
1803 3205 1967 3292 Sando-

313 3329 429 3410 mirie
453 3325 628 3436 Syraclic
648 3323 867 3428 Lancicie‚
900 3322 1089 3431 Ouyauic
1120 3322 1450 3433 Pomeranieque
1483 3324 1652 3407 domina
1674 3327 1856 3408 etheree
1879 3327 1967 3410 Nc-

314 3444 584 3530 tumfacimus
606 3438 828 3546 uniuersis,
849 3443 1113 3551 presencium
1134 3443 1331 3524 noticiam
1353 3439 1571 3526 habituris
1625 3442 1749 3543 Quod
1773 3443 1966 3526 conside·

313 3565 415 3650 ratis
436 3561 723 3675 multiplicium
745 3559 1043 3668 obsequiorum
1066 3559 1337 3643 fidelitatibus
1359 3561 1514 3670 quibus
1538 3559 1712 3672 Spithco
1731 3563 1782 3658 dc
1799 3561 1965 3643 Lissum.

316 3684 430 3794 apud
462 3693 647 3765 nostram
679 3680 941 3762 maiestatem
971 3677 1253 3786 multipliciter
1290 3681 1617 3761 commendatur.
1649 3680 1703 3763 ob
1735 3682 1966 3790 peticiones

194 3828 197 3837 ·
317 3827 490 3916 quoquc
510 3802 642 3912 ipsius
663 3797 997 3880 instantissimas,
1025 3796 1213 3881 volentes
1235 3797 1371 3906 ipsum
1394 3799 1541 3910 gracia
1559 3798 1761 3910 prosequi
1782 3797 1965 3912 speciali.

421 4061 511 4144 (¹).E
526 4059 635 4125 tabula
650 4059 899 4126 membranaceo
915 4055 1101 4122 authentica
1115 4055 1148 4122 in
1164 4057 1297 4122 archivo
1313 4057 1538 4124 Dzilrowiensi
1560 4059 1715 4124 comitum
1737 4061 1965 4128 Ternowscio·

318 4173 399 4221 rum,
415 4145 516 4229 (quod
530 4145 564 4208 in
578 4141 730 4223 Gallicia)
747 4153 923 4224 asservata,
935 4139 1111 4208 Slawiriski
1129 4141 1312 4230 descripsit.
1337 4139 1459 4210 Crasso
1472 4144 1577 4210 serico
1594 4145 1685 4210 rubri
1700 4145 1820 4212 coloris
1835 4145 1888 4210 filo
1907 4167 1966 4230 ap·

342 4253 454 4299 cusum
468 4239 519 4295 est
535 4228 676 4314 sigillum
689 4229 927 4314 majestaticum
940 4237 1165 4314 representans
1180 4231 1323 4313 reginam
1346 4228 1527 4296 diademate
1555 4230 1743 4315 insignitam
1757 4240 1790 4294 ct
1804 4239 1967 4298 tenentem

275 4309 280 4336 '
318 4259 433 4390 lextra
445 4336 539 4381 manu
556 4313 869 4397 sceptrum,sinistra
883 4335 962 4378 vero
979 4335 1121 4398 pomum,
1134 4313 1298 4378 sedentem
1309 4313 1343 4378 in
1355 4313 1437 4380 solio
1454 4314 1566 4381 altoris
1581 4314 1708 4400 gothici
1723 4316 1827 4380 instar
1839 4313 1956 4382 effecto
2017 4361 2020 4374 ·

318 4403 407 4470 circe
434 4395 535 4486 pedes
559 4395 690 4484 reg'inae
716 4405 852 4475 soutmn,
867 4397 902 4462 in
917 4419 981 4480 quo
1011 4397 1127 4462 animal
1148 4397 1285 4464 biforme
1308 4397 1509 4464 dimidiatum
1535 4399 1660 4482 aquilae
1675 4409 1707 4462 et
1721 4397 1840 4484 gryphi
1854 4399 1967 4488 tergis:

319 4509 387 4558 sese
404 4483 671 4566 contingentium.
692 4481 731 4548 In
745 4482 866 4548 ambitu
882 4481 1052 4564 sequentia
1066 4491 1192 4547 tantum
1206 4482 1272 4568 leg-i
1287 4495 1437 4568 possunt:
1460 4529 1503 4550 ....
1519 4486 1569 4547 dri
1591 4487 1699 4568 prurio
1716 4487 1822 4570 rupino
1838 4486 1965 4573 polonie

318 4580 586 4641 menontmar....
598 4571 831 4654 pomoranioque
843 4568 975 4632 domine.
1747 4583 1752 4592 ·

422 4649 560 4721 Carolus
590 4649 771 4734 Szajnoche
785 4650 893 4716 noscit
907 4661 1031 4716 tuntum
1048 4659 1128 4716 octo'
1141 4649 1314 4735 privilegis
1336 4650 1499 4734 Heduigis
1521 4652 1652 4736 reginae
1678 4649 1719 4715 ab
1734 4652 1804 4736 ejus
1826 4674 1959 4721 coronu-

318 4739 410 4808 tione
422 4757 525 4820 usque
540 4733 583 4802 sd
597 4734 836 4802 matrimonium
856 4756 929 4800 cum
951 4733 1119 4802 Vlodislso
1144 4731 1316 4820 dagellone
1346 4743 1551 4802 contractum
1566 4745 1599 4800 et
1614 4735 1722 4814 omnio
1735 4735 1769 4800 iu
1784 4760 1842 4805 suo
1864 4763 1965 4828 opere

317 4827 383 4911 jam
399 4821 531 4890 laudato
546 4819 722 4909 „dadsrigs
733 4818 920 4907 idogiollo”
936 4818 977 4887 Τ.
990 4819 1032 4898 ll,
1046 4839 1122 4906 pag.
1136 4819 1300 4887 188-191
1316 4825 1494 4906 enumeret.
1512 4818 1634 4891 Nostra
1648 4819 1757 4888 tabule
1770 4843 1857 4892 nono
1870 4827 1944 4896 erit.
