4930 5922
1048 729 1171 765 ·-
1228 684 1432 785 rus-2

368 1009 371 1018 ⁴
411 916 552 1000 tenaci
589 903 789 999 memorie
829 913 1088 1024 imprimere,¹
1105 940 1190 1024 que
1210 914 1282 1022 pia
1304 915 1612 1000 deliberacione
1652 913 1903 1024 principum
1932 911 2080 1027 dispe
2150 963 2154 970 ·
2211 1005 2240 1022 .-

411 1041 650 1138 munemne
672 1030 1408 1142 processusemporis.thebesoentis
1445 1063 1471 1114 a
1492 1033 1693 1138 memorie
1733 1034 1952 1120 hominum
1974 1063 2078 1122 eva-
2196 1111 2200 1126 „

410 1162 599 1234 noscant.
619 1199 626 1232 ,·
661 1149 819 1234 Notum
841 1137 895 1230 sit
906 1141 1043 1263 'igitur
1064 1147 1272 1232 universis
1292 1150 1561 1259 presentibus
1584 1159 1637 1232 et
1646 1149 1799 1240 sutum
1821 1152 1933 1234 hanc
1952 1156 2077 1264 pagi-

410 1297 509 1353 nam
528 1269 796 1377 inspecturis,
818 1267 935 1378 quod
955 1293 1032 1349 nos
1052 1265 1271 1349 Bolesleus
1304 1267 1375 1350 dei
1394 1271 1542 1380 gracia
1563 1269 1649 1350 dux
1670 1268 1879 1354 Oraeouie
1902 1280 1945 1354 et
1966 1269 2075 1356 Sene

411 1388 596 1492 domitio,
616 1413 703 1470 una
724 1414 821 1468 cum
859 1393 1003 1467 nostra
1040 1383 1288 1467 charissima
1324 1396 1457 1467 matre
1496 1386 1667 1468 domina
1704 1387 1957 1472 Crimislaua
1977 1389 2076 1502 (sie)

412 1507 583 1590 ducissa
602 1514 809 1588 terrarum
832 1500 1081 1606 earundem‚'
1093 1529 1252 1614 magno
1274 1500 1431 1607 fauore,
1449 1501 1611 1586 affectu
1626 1515 1671 1586 et
1687 1505 1916 1590 devocione
1936 1509 2078 1593 eccle
2187 1499 2189 1504 ’

410 1626 518 1706 siam
531 1625 677 1713 ‘saneti
698 1621 919 1704 saluatoris
941 1620 1189 1704 Monasterii
1211 1621 1263 1702 de
1286 1619 1494 1703 Sorrincio
1511 1620 1566 1732 (⁹)
1581 1653 1588 1660 ·
1603 1625 1777 1707 ordinis.
1792 1636 2082 1732 premonstra.

181 1838 188 1848 ·
369 1821 372 1828 ,
411 1743 548 1823 censis
568 1743 640 1850 pie
662 1751 705 1822 et
724 1740 942 1822 sinceriter
960 1748 1279 1849 prosequentes
1317 1764 1444 1850 quem
1467 1739 1565 1854 (sic)
1598 1742 1729 1824 nostri
1749 1741 2076 1850 predecessores

279 1933 285 1940 .
409 1861 622 1968 principes
664 1857 870 1944 Oracovie
912 1854 1198 1938 fimdauerunt
1217 1881 1293 1964 pro
1315 1883 1487 1941 suorum
1522 1857 1708 1942 remedio
1739 1870 2014 1967 peccatorum
2035 1873 2079 1948 et

410 1974 718 2058 hereditatibus
742 1971 1031 2058 ¹delituerunt.
1083 1973 1177 2056 Nos·
1195 1975 1331 2056 eciam
1351 2001 1431 2083 pro
1451 1986 1596 2059 nostra
1616 1986 1662 2057 et
1680 1985 1918 2062 nostrorum
1939 1981 2077 2072 saluta.

409 2083 644 2203 parentum,
669 2095 805 2176 eidem
824 2090 1081 2196 Monasterio
1103 2093 1428 2176 misericorditer
1460 2092 1755 2201 providentes,'
1776 2093 2075 2188 confirmamus
2127 2089 2131 2096 ’

411 2227 557 2295 omnes
589 2214 870 2310 hereditates*
900 2207 1132 2324 libertates,
1176 2207 1433 2294 donaciones
1456 2221 1499 2292 et
1517 2210 1816 2312 immunitates,
1838 2241 1936 2294 cum
1958 2219 2071 2300 omni

403 2315 501 2438 jure
539 2329 690 2432 ducali,
732 2327 869 2410 forma
891 2336 934 2406 et
955 2326 1202 2409 condicione
1242 2329 1477 2440 ta1i‚'qu0d
1497 2333 1737 2436 prepositus
1759 2355 1858 2412 cum
1879 2334 2076 2418 omnibus

409 2447 650 2530 hominibus
672 2473 723 2528 ac
742 2445 890 2529 ineolis
911 2445 1102 2529 villarum
1124 2445 1180 2528 ad
1202 2433 1432 2528 claustrum
1455 2444 1507 2528 de
1527 2442 1733 2528 Soerrirce'a
1753 2449 2074 2558 pertinentibus,

338 2639 341 2646 ,
410 2591 553 2670 coram
572 2555 692 2649 nullo¹
705 2563 947 2666 castellano,
988 2563 1176 2672 palatino
1198 2575 1275 2646 aut
1294 2565 1375 2648 alio
1398 2561 1553 2647 dedice
1574 2563 1717 2674 aliquo
1740 2592 1985 2676 comparere
2007 2578 2072 2651 te-

408 2691 587 2766 neantur
621 2685 711 2766 siue
738 2682 995 2790 respondere
1015 2681 1401 2795 pro-qualicunque
1424 2709 1567 2764 causa.
1622 2681 1710 2767 Sed
1731 2703 1864 2794 quum
1883 2687 2073 2799 perlice-

408 2825 500 2882 ram
537 2830 635 2883 cum
672 2801 815 2910 sigillo·
845 2808 989 2884 nostro
1012 2809 1055 2881 et
1073 2797 1391 2883 ministerialem
1428 2809 1618 2886 nostrum
1640 2799 1796 2885 fuerint
1815 2801 1946 2907 citati,
1967 2814 2083 2888 tunc

403 2917 537 3026 judex
556 2928 701 3002 noster
723 2919 779 2999 ad
800 2917 1029 3002 claustrum
1067 2917 1333 3000 descendens
1355 2947 1452 3000 cum
1473 2920 1688 3028 preposito
1726 2927 1879 3021 causas
1901 2921 2072 3028 quales-

411 3061 580 3143 cunque
610 3033 818 3116 iudicabit
838 3045 883 3116 et
900 3061 1035 3144 penas
1057 3061 1203 3116 omnes
1218 3035 1442 3143 judiciales
1463 3039 1717 3145 prepositus.
1735 3063 1862 3143 super
1882 3037 2073 3124 homines

411 3177 510 3235 suos
545 3153 731 3260 recipiet,
767 3153 878 3235 nullo
901 3142 980 3235 alio
995 3153 1141 3262 judice
1162 3153 1304 3262 ipsum
1324 3156 1594 3266 impediente.
1656 3153 1856 3238 Facimus
1897 3153 2072 3265 insuper

411 3295 556 3352 omnes
597 3269 756 3352 incolas
793 3269 1000 3374 villarum,
1037 3299 1217 3380 quarum
1248 3272 1418 3356 nomina
1440 3271 1777 3383 subsequuntur,
1800 3271 1855 3356 ab
1878 3271 2073 3358 omnibus

306 3493 310 3496 ,
411 3373 715 3489 exactionibus
752 3413 836 3499 quc
858 3389 1067 3500 wlgariter
1089 3387 1233 3494 Stude,
1255 3395 1402 3492 etrozo,
1417 3415 1560 3500 pouoz,
1588 3390 1763 3500 praised,
1796 3391 1881 3473 ouis
1889 3453 1900 3492 ,
1937 3387 2071 3492 vacca,

410 3503 522 3586 bodri
538 3515 836 3615 nuncupantur
872 3537 970 3590 cum
1007 3509 1120 3591 omni
1155 3508 1401 3620 posteritate
1438 3537 1516 3592 sua
1534 3507 1693 3593 liberos·
1724 3517 1931 3618 perpetuo
1955 3520 1997 3592 et
2016 3511 2072 3592 im
2194 3549 2199 3560 ·

409 3651 571 3707 munes.
612 3625 819 3708 Scaenae
840 3653 937 3709 cum
956 3625 1144 3710 tabernis
1177 3617 1292 3736 apud
1316 3625 1601 3739 Ostrz'poweam
1623 3637 1666 3710 et
1684 3625 1881 3726 krecooele
1918 3627 2074 3709 Dembe

410 3766 508 3822 cum
528 3744 660 3848 pratis
684 3755 727 3826 et
747 3745 940 3830 omnibus
962 3744 1226 3830 utilitatibus.
1265 3743 1451 3851 Neprdee
1468 3743 1650 3825 taberna
1671 3769 1753 3822 cun
1775 3745 1890 3850 agris
1913 3753 1956 3824 et
1974 3771 2074 3851 pra·
2179 3753 2180 3758 '

409 3859 484 3962 tis,
503 3855 799 3944 Rudeua-cum
819 3866 1056 3946 molendino
1080 3871 1123 3942 et
1142 3859 1342 3962 tabernis,
1364 3857 1482 3940 Lz'sla'
1500 3887 1597 3956 eum
1617 3854 1858 3960 hominibus
1881 3863 2073 3972 ascripti-

409 3973 505 4084 cijs,
543 3971 744 4062 Olseeice'a
775 4005 872 4058 cum
893 3977 1140 4061 hominibus
1156 3975 1424 4090 ascripticijs‚
1461 3975 1663 4086 Ropoznr'lc
1699 4005 1796 4060 cum
1832 3975 2072 4064 hominibus
2156 4067 2164 4082 ,

410 4095 680 4206 ascripticijs‚
724 4089 946 4175 Modluicr'e
967 4121 1064 4178 cum
1084 4093 1326 4180 hominibus
1363 4093 1635 4203 ascript'eijS‚
1672 4093 1812 4177 Bz'bs'ce
1836 4105 1879 4177 et
1900 4093 2072 4180 Meseow

439 4361 446 4370 -
512 4333 555 4411 (²)
576 4329 787 4416 Zwierzyeiee,
804 4323 976 4410 Seerinciu,
992 4325 1182 4392 suburbium
1197 4325 1390 4394 Orscoriae.
1412 4325 1598 4394 Ecclesiam
1618 4328 1655 4394 S.
1671 4326 1854 4396 Salvatoris
1875 4330 1946 4412 jam
1959 4325 2071 4396 seculo

411 4432 454 4497 X.
472 4455 492 4495 a
506 4433 540 4498 S.
555 4431 738 4501 Adelberto
754 4427 969 4512 aedificatam,
986 4420 1170 4514 postesque
1185 4449 1266 4494 vero
1283 4430 1419 4496 aPetro
1436 4429 1570 4494 Dunino
1587 4429 1902 4512 restauratamcsse,
1928 4429 2071 4503 odunt

409 4533 506 4600 Anno
525 4535 613 4598 1181.
639 4533 725 4600 ‹laxa
740 4531 919 4598 stemmatis
935 4527 1038 4616 Gryff
1046 4529 1086 4595 de
1102 4531 1292 4598 Micchovie
1309 4553 1413 4617 penes
1428 4531 1602 4598 ecclesiam
1616 4532 1852 4598 monasterium
1880 4532 2071 4600 deodicere-

410 4655 480 4696 rum
509 4632 672 4718 virginum
702 4633 862 4702 condidit.
901 4631 1013 4714 (Cous.
1028 4632 1408 4718 Staorymel’olskal,
1425 4624 1476 4715 59,
1494 4643 1527 4698 ct
1541 4634 1712 4716 Pamietka
1737 4659 1758 4700 z
1772 4634 2072 4708 Krokowaddzefa
2139 4699 2161 4710 ,,

409 4732 684 4820 Maozyriskiego,
706 4749 732 4799 t.
745 4739 874 4816 2-28).
910 4733 1017 4826 Villae
1047 4743 1245 4800 memoratae
1276 4733 1516 4822 iu'privilegio
1545 4735 1616 4801 fere
1647 4759 1761 4804 omnes
1776 4739 1947 4824 proximae
1962 4739 2076 4804 mone

393 4834 511 4902 ‘sterio
528 4843 613 4900 sunt.
767 4875 771 4884 »
1053 4863 1056 4872 ⁴
1346 4863 1363 4878 ··
1394 4873 1397 4880 ,
1470 4863 1477 4877 ·
1880 4860 1882 4868 ·
2155 4839 2156 4842 ’
