4890 5924
1125 712 1401 786 -248-

428 919 554 1004 villae
591 917 820 1032 vulgariter
858 914 946 996 dict
929 913 1016 1018 tae,
1055 913 1168 998 dicto
1205 907 1405 1025 Zegotha
1442 912 1751 998 contumaciter
1788 941 1832 998 se
1871 915 2097 1002 absentare

429 1065 645 1150 superpo
636 1037 780 1119 ittionc
805 1035 891 1114 dict
894 1061 1013 1116 orum
1034 1031 1218 1116 Abbatis
1241 1042 1287 1114 et
1309 1036 1396 1114 eius
1430 1031 1699 1133 Conventus,
1736 1030 1843 1114 lure
1879 1035 2099 1140 suadente,

427 1157 550 1239 habit
533 1165 575 1240 to
599 1153 851 1237 Sacrament
835 1161 876 1233 to
900 1151 1127 1259 corporali,
1150 1160 1195 1232 at
1198 1179 1280 1261 que
1303 1147 1433 1257 super
1454 1150 1519 1232 his
1542 1147 1662 1234 habit
1645 1160 1690 1236 to
1711 1148 1896 1236 Consilio
1920 1151 2099 1263 Sapien-

430 1285 539 1376 tum,
561 1271 642 1355 Dei
662 1271 830 1354 nominc
852 1273 1070 1373 invocato,
1112 1269 1305 1376 praedict
1307 1296 1330 1352 o
1288 1267 1512 1352 tt'Abba
1483 1276 1515 1347 tr
1537 1270 1688 1352 eteius
1712 1267 1953 1352 Conventui
1972 1271 2098 1356 villas

427 1391 673 1502 praedictae
709 1389 917 1586 Ltopusaao
953 1387 1283 1498 (possessionem
1314 1388 1476 1472 ratione
1499 1387 1784 1469 custodiae
1742 1416 1764 1468 e
1767 1381 2015 1509 ttenutam)
2037 1400 2100 1474 te-

430 1537 530 1592 nore
553 1507 838 1616 praesentium
861 1503 1148 1612 assignamus,
1164 1503 1347 1589 vobis
1306 1533 1328 1585 ι
1331 1514 1549 1587 tvcstrum
1573 1479 1747 1589 cuilibet
1768 1498 1953 1588 districtc
1974 1537 2100 1615 prae·
2181 1523 2192 1532 '

430 1627 645 1736 cipiendo,
668 1627 773 1705 etin
793 1626 923 1706 virtut
859 1620 1157 1706 tuteSanctae
1176 1622 1389 1705 obedient
1361 1629 1444 1706 trae
1468 1650 1518 1703 ac
1541 1623 1621 1706 sub
1656 1626 2100 1710 excommunicationis
2147 1665 2149 1670 ¹

433 1773 588 1852 poena,
612 1743 831 1828 Canonica
851 1742 1080 1824 monitione
1100 1741 1353 1852 praemissa,
1375 1769 1451 1824 sex
1472 1741 1654 1844 dierum,
1676 1769 1858 1850 quarum
1879 1741 1986 1826 duos
2008 1743 2097 1829 dies

430 1890 505 1970 pro
528 1863 682 1970 prima,
721 1861 821 1944 alios
860 1861 966 1942 duos
1004 1859 1094 1940 dics
1129 1885 1205 1969 pro
1238 1859 1512 1963 secunda,t
1470 1888 1492 1940 e
1494 1859 1715 1965 treliquos
1753 1860 1859 1942 duos
1897 1863 2099 1946 continue

432 1988 659 2094 sequentes
681 2005 757 2087 pro
779 1980 923 2114 tertia,
946 2006 1076 2088 quarn
1098 2003 1173 2060 vos
1197 1986 1239 2056 et
1260 1985 1447 2059 vestrum
1484 1976 1758 2084 quemlibet
1747 2004 1960 2060 incurrere
1982 1980 2100 2063 volu-

432 2125 525 2180 mus
561 2101 652 2222 ipso
689 2095 1113 2198 factto,'s1maudatis
1149 2085 1389 2178 huiusmodi
1422 2094 1597 2178 obedire
1617 2121 1704 2177 non
1725 2097 1970 2178 curaveritis
2003 2125 2101 2180 cum

289 2261 293 2272 ·
433 2212 559 2298 effect
542 2223 608 2319 tu,
621 2213 817 2296 firmiter
853 2214 1058 2295 mandant
1041 2222 1103 2294 tes
1137 2223 1351 2319 quatenus
1374 2241 1471 2294 cum
1492 2222 1681 2295 vestrum
1714 2212 1892 2322 quilib'st
1911 2215 2103 2324 requisiti

432 2331 592 2416 fueritis
606 2332 859 2469 'personalit
861 2359 904 2412 er
942 2329 1203 2412 descendent
1185 2339 1252 2412 tes
1289 2331 1546 2414 authoritate
1568 2339 1734 2433 nostra,
1767 2359 1854 2440 qua
1873 2331 2099 2442 fungimur,

433 2451 742 2558 possessionem
767 2457 810 2529 ct
832 2457 1021 2530 tenutam
1059 2447 1185 2531 modo
1221 2450 1440 2557 praedicto
1478 2449 1603 2531 villae
1638 2447 1854 2558 praefatae
1890 2449 2101 2558 Zopurznu

291 2595 304 2688 ᾗ
435 2568 548 2652 dicto
580 2567 737 2650 Abbat
710 2577 740 2648 tr
763 2575 806 2648 et
828 2559 1068 2650 Conventdi
1100 2566 1152 2648 dc
1184 2566 1337 2674 Tyneta
1367 2569 1644 2690 assignetis,
1644 2568 1851 2650 mandant
1834 2579 1896 2649 tes
1927 2565 2102 2652 firmiter

435 2675 687 2768 etdistl·icte
718 2713 769 2766 ac
802 2683 881 2766 sub
919 2685 1367 2768 excommunicationis
1403 2712 1545 2793 poena
1580 2671 1800 2794 praedicta
1835 2714 1911 2768 sex
1942 2685 2102 2770 dierum

435 2801 653 2888 Canonica
688 2803 915 2885 monitione
952 2805 1203 2911 praemissa,
1241 2803 1437 2887 omnibus
1470 2813 1513 2886 et
1543 2805 1720 2914 singulis
1759 2804 1885 2890 Ornet
1887 2803 2102 2888 onibusat

432 2921 619 3006 Incolis
609 2953 651 3004 ιιι
674 2919 952 3004 eadem-Villa
972 2923 1200 3030 Lopuazna,
1223 2950 1248 3003 a
1269 2923 1496 3006 monitione
1583 2950 1660 3007 vos
1677 2922 1766 3005 fact
1751 2931 1814 3026 ta,
1834 2923 1916 3006 ut
1904 2953 1946 3004 m
1969 2923 2101 3006 omni·⁴
2181 3012 2187 3029 ,

435 3042 515 3124 bus
537 3039 660 3122 licitis
683 3050 729 3122 ct
740 3037 925 3122 honestis
950 3039 1062 3122 dicto
1083 3039 1247 3124 Abbati
1267 3051 1311 3120 et
1333 3044 1421 3123 eius
1444 3040 1684 3124 Conventui
1707 3039 1926 3144 obediant,
1945 3049 1988 3122 et
2003 3040 2102 3122 nulli

436 3161 518 3266 aly,
540 3187 591 3240 ac
613 3157 722 3241 dura
754 3159 894 3240 omnia
917 3156 1061 3240 debita
1083 3159 1195 3242 dicto
1217 3157 1376 3240 Abbat
1348 3167 1380 3240 ιι
1401 3167 1444 3240 ιι
1465 3157 1704 3242 Oonventui
1739 3156 1957 3268 faciende,
1994 3156 2101 3242 alios

433 3281 549 3390 ipsos
571 3305 717 3361 omnes
740 3284 782 3358 et
802 3275 994 3386 singulos
1027 3275 1150 3360 Ornet
1133 3286 1252 3360 tones
1274 3285 1318 3359 et
1338 3272 1505 3361 Incolae
1537 3287 1742 3362 memorat
1743 3305 1794 3359 ae
1724 3277 1948 3363 tvillac
1980 3303 2101 3360 man-

436 3389 535 3480 dato
572 3395 843 3478 huiusmodi
833 3423 876 3476 ιιι
898 3391 1145 3478 obedientes
1169 3425 1190 3476 e
1193 3394 1427 3498 trebellas,
1461 3421 1568 3507 quos
1600 3423 1677 3481 nos
1709 3405 1864 3479 extunc
1885 3405 2012 3505 prout
2032 3424 2104 3478 ex-

434 3541 547 3598 nunc
567 3515 610 3594 in
629 3513 696 3596 his
719 3513 885 3620 scriptis
918 3515 1332 3596 excommunicamus
1353 3515 1397 3594 in
1417 3514 1622 3623 Ecclesys
1654 3517 1805 3598 vestris
1825 3513 1937 3596 infra
1954 3518 2119 3598 misso-r·

434 3662 526 3716 rum
547 3633 749 3744 solemnia
771 3633 1157 3726 excommunicatos
1263 3633 1482 3714 denuntt
1404 3639 1482 3714 ιιιι
1490 3695 1501 3733 ,
1525 3656 1576 3714 ac
1596 3651 1672 3741 per
1692 3633 1796 3718 alios
1816 3633 2101 3735 Ecclesiarum

435 3749 713 3856 Rectorcs,
680 3746 753 3832 ubi
777 3749 1007 3859 expediens
1029 3750 1237 3854 videritis,
1267 3751 1453 3834 nuntiari
1485 3751 1741 3834 authoritate
1771 3759 1916 3835 nostra
1934 3750 2103 3832 faciatis

436 3867 625 3976 Singulis
649 3847 796 3952 diebus
818 3867 1117 3950 Dominiciet
1074 3899 1096 3951 e
1099 3867 1318 3971 tfestivis,
1334 3879 1422 3950 tam
1446 3869 1519 3953 diu
1543 3871 1679 3952 donec
1700 3897 1725 3952 a
1746 3867 1867 3953 nobis
1890 3867 2004 3949 aliud
2025 3868 2104 3950 ha·

435 3984 645 4068 bueritis
634 4013 678 4066 ιιι
698 3984 922 4068 mandatis
974 3985 1041 4068 De
1073 3985 1319 4072 executione
1351 3995 1494 4070 autern
1513 4015 1589 4098 per
1609 4011 1685 4070 vos
1707 3983 1840 4090 facta,
1863 3985 2014 4068 vestris
2038 3983 2106 4068 si·
2167 4065 2170 4073 .

437 4102 548 4214 gillis
586 4101 784 4211 appensis
820 4111 1018 4212 praesent
1020 4131 1064 4185 es
1001 4104 1300 4187 treddatis.
1361 4105 1522 4192 Datum
1556 4101 1767 4190 cracoviae
1787 4103 1911 4236 Anno
1932 4103 2105 4192 Domini

436 4219 639 4312 Modo.
657 4219 707 4308 L.
726 4217 777 4306 V.
840 4218 1002 4322 Quarto
1017 4221 1169 4320 Nonas
1191 4220 1397 4336 January.
