4856 5932
1126 698 1400 772 ..440-

440 903 610 988 Lances
630 902 784 985 liberos
805 899 849 980 in
872 895 1091 984 Marnlnica
1112 902 1219 984 etin
1242 891 1439 984 Cieuioroa
1460 900 1527 1014 (¹),
1550 909 1593 984 at
1612 929 1688 1013 pro
1710 902 1915 1014 pellendis
1947 912 2090 1022 gregi·

438 1023 532 1127 bus,
555 1023 658 1104 alias
689 1017 837 1132 Vipouy
862 1017 929 1130 (³),
949 1019 992 1100 in
1010 1019 1199 1128 qualibet
1217 1021 1314 1104 villa
1334 1042 1410 1130 per
1430 1049 1558 1104 uuum
1580 1023 1745 1126 laneum
1783 1025 1955 1135 assigno
1985 1027 2091 1115 libe·

441 1170 524 1248 ros3
547 1141 750 1248 dabitque
772 1135 988 1246 praelatus
1010 1137 1225 1222 Scultetus
1263 1141 1315 1224 de
1351 1140 1543 1252 quolibet
1576 1142 1694 1226 laneo
1717 1171 1794 1228 suo
1816 1171 1890 1254 pro
1912 1144 2091 1235 Decima

439 1270 631 1374 percote
655 1283 826 1370 grossos
848 1260 1050 1342 currentis
1071 1273 1267 1346 monetae
1287 1257 1474 1344 Plebano
1496 1262 1538 1344 in
1562 1260 1744 1344 Mistlcoro
1773 1261 1949 1376 singulis
1972 1272 2093 1354 annis

439 1405 515 1494 pro
536 1377 643 1463 festo
666 1376 709 1463 S.
732 1375 913 1464 Martini.
945 1375 1167 1487 Eruntque
1187 1379 1267 1462 tria
1279 1378 1442 1488 judicia
1463 1409 1621 1492 magna
1641 1381 1684 1461 in
1704 1381 1809 1466 villsss
1825 1383 2024 1492 praelatis
2045 1391 2089 1474 in

439 1527 561 1603 anno,
581 1507 707 1608 prout
727 1507 826 1578 sunt
846 1495 937 1578 fieri
957 1499 1079 1582 solita
1102 1510 1143 1581 et
1165 1509 1377 1602 consueta,
1399 1501 1503 1582 etin
1526 1500 1715 1614 quolibet
1738 1501 1991 1610 judiciorum
2014 1507 2092 1595 ho-

437 1647 531 1707 rum
552 1615 835 1726 triaprandia,
857 1642 931 1724 pro
955 1617 1144 1725 quolibet
1158 1617 1320 1728 judicio
1356 1647 1484 1702 unum
1520 1619 1756 1728 prandium,
1792 1623 1957 1707 mihist
1983 1630 2087 1714 meis

438 1737 753 1824 successoribus
777 1732 992 1818 Scultetus
1013 1765 1088 1846 pro
1105 1753 1293 1846 tempore
1317 1741 1498 1822 existens
1515 1767 1643 1822 unum
1661 1738 1879 1846 fertonem,
1897 1753 1939 1826 et
1963 1744 2089 1832 Ome·

438 1861 591 1944 thonas
612 1855 798 1941 villarum
820 1854 1130 1964 praedictarum
1149 1857 1253 1940 duos
1264 1857 1544 1969 assignabunt
1565 1868 1607 1941 ct
1628 1859 1791 1942 dabunt
1806 1867 1902 1946 cum
1920 1863 2090 1954 effectu.

440 1976 622 2066 Oonfero
645 1975 771 2058 etiam
794 1969 984 2058 Sculteto
999 1977 1088 2086 jorn
1113 1976 1223 2060 dicto
1261 1986 1303 2057 et
1331 1980 1507 2086 posteris
1544 1971 1675 2087 ipsius
1711 2008 1840 2064 unam
1881 1969 2093 2093 piscinam
2114 2016 2117 2020 ·

439 2107 537 2186 anta
557 2097 716 2178 curiam
738 2093 870 2201 ipsius
891 2094 1079 2196 liberam,
1097 2097 1201 2178 duas
1222 2095 1433 2200 tabernas,
1451 2123 1547 2180 cum
1568 2099 1737 2207 pascuis
1757 2111 1797 2180 et
1811 2105 1955 2210 pratis,
1976 2133 2088 2216 quae

437 2245 549 2304 nunc
570 2226 669 2300 sunt
691 2227 734 2299 et
753 2213 795 2296 in
817 2223 1034 2322 posterum
1069 2213 1160 2296 fieri
1192 2225 1383 2322 possunt,
1419 2217 1557 2326 sylvas
1594 2227 1637 2300 et
1672 2247 1841 2303 mansos
1879 2235 2091 2334 quotquot

439 2338 646 2446 extirpare
667 2336 820 2444 poterit
838 2342 1047 2443 perpetuo
1066 2333 1360 2446 possidendam
1391 2345 1434 2417 et
1454 2344 1502 2417 ut
1523 2362 1571 2420 eo
1592 2337 1802 2420 liberalius
1840 2351 1883 2421 et
1896 2331 2090 2428 'commo-

439 2459 532 2542 dius
553 2455 769 2567 praefatae
792 2453 915 2540 villae
937 2481 1057 2536 meae
1094 2454 1394 2564 agriculturam
1430 2455 1644 2568 adaugere
1680 2456 1863 2562 valeant,
1899 2456 2089 2550 Sculteto

432 2575 523 2687 jam
544 2575 657 2660 dicto
679 2585 722 2658 et
741 2575 826 2660 suis
849 2571 1165 2657 successoribus
1185 2571 1395 2682 legitimis,
1416 2603 1496 2658 neo
1517 2601 1601 2656 non
1623 2575 1782 2660 villanis
1819 2589 1861 2660 et
1880 2579 2026 2664 incolis
2047 2583 2090 2666 in

297 2767 299 2774 ,
441 2697 602 2780 eisdem
623 2693 979 2780 commorantibus
1002 2721 1027 2774 a
1049 2693 1149 2774 data
1164 2696 1460 2801 praesentium,
1496 2695 1647 2804 viginti
1688 2723 1819 2779 annos
1857 2701 2015 2813 contuli
2042 2701 2091 2784 li-

438 2813 649 2900 bertatem
672 2815 726 2898 ab
748 2815 859 2904 omni
882 2813 1116 2914 exactione,
1138 2815 1458 2916 contributione,
1481 2815 1662 2916 servitio,
1673 2815 1952 2924 expeditione,
1976 2819 2089 2904 deci·

437 2936 634 3020 motione.
667 2934 870 3045 Expirata
894 2945 1036 3018 autem
1058 2932 1251 3015 libertate
1273 2942 1485 3044 quotquot
1505 2933 1615 3015 lanei
1636 2931 1793 3017 ibidem
1815 2937 1916 3019 culti
1937 2935 2091 3023 fuerint

442 3063 485 3137 et
506 3053 789 3158 dimensurati,
812 3057 866 3140 de
889 3051 1079 3164 quolibet
1097 3053 1218 3135 laneo
1241 3066 1337 3138 octo
1359 3064 1500 3136 scotos
1520 3054 1682 3134 ratione
1705 3079 1869 3158 censue,
1899 3066 1941 3138 et
1961 3085 2089 3142 unum

442 3172 645 3258 fertonem
667 3203 743 3283 pro
761 3169 924 3258 decima
944 3173 1064 3256 annis
1087 3171 1262 3282 singulis
1292 3173 1393 3257 dare
1416 3183 1459 3257 et
1479 3172 1641 3256 solvere
1663 3174 1747 3255 sint
1768 3172 1957 3258 adstricti
1976 3205 2089 3262 nunc

442 3303 485 3378 et
505 3294 548 3376 in
569 3321 733 3399 aevum;
766 3299 931 3377 sextum
954 3292 1169 3374 denarium
1191 3295 1376 3375 omnium
1398 3290 1809 3377 censuumscultero
1845 3297 2090 3405 saepedicto

438 3421 482 3500 et
501 3415 588 3498 suis
608 3413 924 3498 suecessoribus
945 3411 1155 3522 legitimis,
1177 3439 1343 3498 necnon
1364 3411 1416 3496 de
1439 3411 1631 3496 omnibus
1653 3413 1927 3520 proventibus
1966 3425 2008 3500 et
2024 3445 2092 3500 re·

438 3531 608 3640 ditibus,
641 3534 693 3614 de
715 3533 854 3614 causis
876 3543 1016 3615 autem
1031 3529 1304 3640 judicialibus
1326 3535 1466 3642 parvis
1504 3533 1592 3614 sive
1614 3534 1793 3643 magnis,
1829 3535 1999 3618 tertium
2019 3536 2093 3620 de-

438 3651 601 3735 narium
621 3653 703 3761 ipsi
725 3649 915 3736 Sculteto
933 3653 1115 3762 assign0,
1136 3677 1211 3758 pro
1233 3679 1385 3761 meque
1409 3661 1450 3734 et
1470 3654 1574 3734 meis
1595 3653 1917 3737 successoribus
1948 3653 2090 3768 legiti-

441 3771 519 3854 mis
542 3770 708 3856 duobus
728 3773 965 3876 reservatis3
997 3769 1208 3854 llellificia
1229 3773 1333 3856 alias
1354 3771 1512 3880 Borozy
1535 3772 1576 3852 in
1598 3771 1726 3880 sylvis
1754 3773 1884 3882 ipsius
1914 3770 2092 3858 Sculteti

442 3898 487 3974 et
501 3891 606 3972 meis
629 3891 733 3974 etin
757 3892 955 4002 graniciis
978 3893 1206 3992 earundem
1226 3891 1453 4001 sylvarum,
1476 3890 1529 3974 do
1552 3899 1595 3972 et
1616 3891 1804 3974 concedo
1821 3919 2015 3975 exercere
2037 3889 2089 3975 li-

441 4008 557 4113 bere,
580 4033 776 4119 quaeque
800 4012 964 4117 poterit,
986 4022 1029 4092 et
1048 4009 1277 4094 elaborare.
1324 4009 1550 4096 Caeterum
1573 4010 1740 4118 quoties
1764 4039 1828 4092 me
1852 4020 1970 4093 extra
1999 4040 2091 4094 me·

440 4137 508 4212 tas
531 4127 587 4212 ad
609 4127 918 4237 expeditionem
942 4129 1037 4212 belli
1058 4128 1296 4237 generalem
1318 4130 1379 4210 ira
1392 4129 1636 4238 contigerit,
1652 4139 1753 4212 tunc
1772 4127 1993 4214 Scultetus.
2001 4130 2092 4241 jam

444 4247 581 4332 dictus
605 4257 646 4330 et
667 4248 731 4330 sui
747 4271 955 4355 sequaces
990 4245 1091 4328 mihi
1128 4255 1170 4327 et
1189 4249 1291 4328 meis
1323 4247 1638 4330 successoribus
1676 4275 1844 4358 equum,
1881 4249 2093 4334 dimidiam

442 4368 617 4452 alteram
637 4393 823 4450 maroam
845 4365 1067 4468 valentem,
1090 4365 1327 4450 conducere
1347 4366 1601 4464 tenebuntur
1631 4375 1674 4450 et
1695 4369 2029 4477 accommodare3
2052 4378 2094 4452 et

440 4488 476 4568 si
496 4488 744 4600 ipse.equus
765 4485 809 4568 in
829 4487 898 4568 via
919 4497 1106 4571 mortuus
1128 4483 1264 4590 fuerit,
1285 4485 1382 4570 hinc
1403 4486 1552 4570 nullius
1589 4487 1758 4570 alterius
1791 4487 1989 4572 damnum
2012 4488 2093 4572 nisi

468 4751 471 4762 ,
545 4687 584 4768 (²)
608 4687 852 4770 Murtkow,villa
862 4685 1104 4774 parochialisin
1118 4685 1399 4756 Sandeceusiolim
1411 4687 1554 4778 regione,
1571 4689 1701 4757 nuncin
1712 4685 1864 4758 Gallicis.
1882 4687 1920 4756 In
1935 4688 2093 4776 parochie

440 4769 514 4850 bac,
530 4771 624 4836 villae
642 4773 802 4839 diminica
817 4787 851 4838 et
867 4777 1021 4840 tierricus
1035 4772 1251 4838 inveniuntur.

548 4857 586 4937 (³)
618 4858 756 4946 Wypeny
771 4858 932 4943 polonice,
947 4859 1046 4926 latine
1057 4883 1190 4948 pascua.
