4930 5922
1108 671 1357 744 viso-

394 885 530 972 eidem
550 879 718 964 iudicio.
739 877 782 956 in
803 893 889 983 quo
911 870 1107 954 'volumus'
1137 869 1400 952 contentari.-
1435 867 1680 976 Propositus
1699 867 1796 950 tor
1783 893 1828 950 ιιι
1848 893 1960 952 ιιιιιιο
1980 882 2058 952 vo-

390 1005 479 1088 niet
514 999 570 1082 od
603 994 816 1076 iudicium-.-
855 985 1097 1071 videlieet
1081 1016 1129 1068 ιιι
1139 997 1323 1070 ootoua
1352 986 1526 1094 pasche
1579 985 1630 1068 ln
1650 995 1808 1068 octauo
1838 985 1953 1068 beati
1973 984 2058 1069 Mi·

392 1117 626 1204 ohaelis.et
609 1111 787 1193 ι.ιΙιι
716 1117 787 1193 oot
788 1135 895 1189 aua
905 1095 1166 1223 Epyphanie
1198 1105 1366 1188 domini
1402 1129 1531 1195 vnum
1567 1103 1791 1222 prandium
1826 1130 1855 1185 a
1874 1105 2061 1186 soulteto·

390 1236 577 1342 recipiet.
598 1228 767 1353 residua
788 1227 871 1308 duo
892 1222 1076 1331 prandia
1081 1213 1340 1306 kniothones
1361 1233 1560 1303 tenentur
1589 1208 1784 1310 beniuole
1814 1244 2054 1330 procurare

240 1401 281 1460 ,ι
392 1355 438 1440 si
459 1380 516 1432 au
518 1360 603 1454 tem
622 1374 707 1430 non
726 1343 872 1427 veniet
890 1333 1107 1450 predictus
1127 1337 1386 1448 Propositus.
1421 1346 1575 1419 ειιιιιιιιι
1605 1364 1680 1448 pro
1717 1338 1909 1447 quolibet
1927 1367 2060 1446 pran-¹

392 1473 474 1554 dio
497 1442 593 1552 ooto
615 1473 756 1547 sootos
792 1459 950 1543 usualis
987 1452 1165 1566 argenti.
1187 1459 1255 1540 vel
1274 1481 1405 1541 vnum
1440 1454 1647 1538 fertonem
1668 1457 1759 1565 puri
1783 1458 1951 1567 argenti
1972 1456 2064 1540 solm

389 1615 489 1670 uere
510 1609 597 1668 non
618 1579 853 1665 obmittant.
906 1575 1093 1659 Oensum
1114 1576 1406 1682 supradictum
1427 1574 1606 1656 nunoius
1626 1574 1935 1680 propositivus
1956 1600 2053 1654 eum

391 1705 570 1787 sculteto
593 1699 805 1807 colligent.
830 1703 873 1774 et
892 1717 1008 1778 moro
1029 1702 1233 1776 consueto
1256 1691 1457 1773 diuident
1503 1689 1704 1771 Decimae
1740 1715 1841 1773 vero
1874 1691 2054 1774 duorum
2127 1751 2135 1758 -

389 1843 632 1904 mansorum
652 1813 868 1924 predictus
890 1807 1094 1891 sentens
1116 1810 1172 1890 ad
1196 1806 1418 1904 ecelesiam
1439 1807 1629 1890 eiusdem
1649 1806 2058 1890 ciuitatisBrosm'oie
2108 1866 2110 1870 .
2229 1845 2233 1856 =

245 1951 248 1958 '
328 2019 333 2030 ,
388 1938 544 2048 poterit
565 1933 743 2043 elargiri.
767 1939 841 2012 aut
860 1929 1120 2036 Vbicumque
1139 1922 1223 2010 sibi
1238 1927 1450 2010 videbitur
1467 1923 1614 2006 melius
1630 1927 1843 2032 expedire.
1876 1925 1934 2006 nt
1950 1925 2054 2034 quis
2230 1913 2240 1929 ’

388 2056 470 2138 heo
505 2050 797 2162 prenominata
833 2047 984 2126 ciuitas
1021 2041 1246 2126 Brosuioio.
1271 2053 1315 2128 et
1335 2042 1417 2165 olio
1441 2042 1590 2126 eodem
1621 2044 1789 2125 nomine
1811 2069 1925 2126 noua
1945 2042 2052 2122 Bra

387 2171 514 2253 ouioia
533 2175 791 2274 nuncupata.
814 2161 892 2244 sub
914 2163 1038 2244 vuius
1069 2162 1238 2244 sorrlteti
1267 2156 1416 2272 vigore
1448 2189 1523 2241 seu
1552 2170 1765 2267 potestate
1788 2162 1872 2243 sint
1890 2161 2057 2243 oonsti-'

386 2297 489 2371 tuto
512 2295 555 2366 et
538 2286 632 2366 tad
652 2309 792 2365 vnum
805 2279 1032 2363 conuenire
1052 2279 1256 2361 iudicium'
1269 2279 1553 2361 Qtenebuntur
1587 2290 1630 2372 et
1659 2305 1744 2362 vna
1775 2279 2050 2362 distinecione

386 2415 429 2489 ot
448 2431 533 2489 vno
554 2401 711 2484 iudicio
749 2397 1019 2479 scabinorum
1057 2395 1216 2479 debent
1239 2391 1456 2507 equaliter
1486 2393 1676 2477 iudicari.
1728 2395 1893 2478 Dentes
1915 2396 2060 2475 eciam,

386 2519 726 2609 eidemsoultoto
757 2523 916 2598 nostro.
940 2541 989 2593 aa
1011 2537 1088 2593 sue
1109 2513 1316 2624 legittime
1349 2511 1586 2622 posteritati
1622 2514 1790 2623 plenam
1813 2525 1857 2596 et
1875 2511 2051 2594 liberam
2070 2507 2073 2514 ’
2124 2521 2133 2614 j

384 2635 646 2725 voluntatem
683 2661 735 2732 ao
769 2641 1040 2740 potestatem.
1077 2658 1204 2740 super
1239 2633 1321 2713 heo
1358 2634 1500 2715 omnia
1539 2641 1581 2710 et
1616 2631 1786 2744 singula
1806 2632 2052 2738 supradicta

380 2753 510 2838 bona.
548 2750 744 2834 donandi.
783 2745 1057 2832 concedendi.
1090 2749 1319 2831 vendendi.
1358 2749 1656 2832 commutandi.
1688 2749 1757 2832 vel
1777 2775 2050 2858 quocumque

349 2863 352 2871 ’
381 2871 507 2955 modo
530 2897 558 2950 a
578 2895 625 2949 se
647 2865 869 2950 alienandi
891 2865 1003 2948 nullo
1024 2873 1168 2951 nostro
1190 2867 1390 2951 obstante
1422 2867 1734 2976 impedimento.
1782 2863 2051 2972 Quapropter

298 3044 303 3053 -
385 3017 435 3071 ex
457 2987 690 3091 donacione
725 2983 912 3066 illustris
914 2983 1128 3093 principis.
1152 3013 1204 3068 ao
1225 2975 1446 3094 magnifici
1477 2984 1634 3068 domini
1663 2983 1795 3066 nostri
1825 2983 2049 3064 Laetaonis

383 3105 450 3190 doi
471 3105 619 3213 grauia
654 3101 791 3186 Ducis
811 3099 1022 3184 Orooouie
1043 3111 1087 3183 et
1108 3100 1385 3187 Sandomirie.
1410 3129 1539 3211 quem
1561 3100 1617 3183 ob
1639 3099 1892 3190 remedium
1889 3125 2048 3206 peooa-

381 3231 522 3307 torum
544 3243 727 3302 suorum.
751 3219 893 3301 domui
909 3215 1096 3299 beate
1056 3221 1232 3330 vnginis
1248 3222 1379 3301 marie
1395 3217 1507 3301 fecit.
1526 3218 1740 3302 ordinauit
1755 3225 1798 3299 et
1813 3218 2047 3322 constituit.

381 3368 433 3422 ex
454 3337 759 3421 consuetudine
779 3337 880 3418 iuris
901 3332 1181 3420 nouiforensis
1217 3338 1333 3419 oiues
1370 3335 1613 3444 supradicte
1634 3334 1818 3418 ciuitatis
1841 3333 2049 3426 Bresuioio

378 3478 545 3538 noonon
568 3463 611 3536 et
628 3453 763 3536 incole
794 3453 885 3548 eius
902 3471 1001 3566 'que
1032 3479 1147 3536 noua
1177 3453 1391 3536 Bereniceo
1422 3451 1672 3566 appellatur
1694 3481 1776 3537 neo
1797 3479 1941 3538 eoram
1963 3452 2049 3536 Oa-

378 3575 554 3658 stellano
597 3569 883 3655 Oraeouiensi.
919 3597 1004 3651 neo
1035 3595 1178 3657 ooram
1218 3571 1429 3656 Palatino
1468 3599 1612 3682 neque
1652 3599 1796 3657 ιιοιιιιιι
1836 3570 2047 3652 iudicibus

377 3691 607 3774 eorundem
630 3690 761 3771 oitati
783 3707 1042 3797 comparere
1064 3691 1137 3774 vel
1156 3691 1258 3771 dare
1277 3714 1484 3802 responsa
1504 3689 1775 3770 tenebuntur.
1794 3687 1872 3769 eod
1892 3688 2047 3769 solum·-
2093 3761 2100 3776 ,

377 3809 504 3892 modo
534 3807 696 3889 littera
692 3807 843 3944 sigillo
874 3807 1077 3916 prinoipis
1108 3809 1293 3918 sigillata
1324 3808 1443 3888 oitati
1476 3805 1576 3888 dum
1595 3791 1767 3888 fuerint.
1786 3829 1930 3888 coram
1951 3829 2047 3912 pre·
2087 3799 2090 3807 ’

376 3924 524 4008 sennia
544 3922 641 4034 (sio)
663 3923 863 4034 principis
885 3926 1204 4032 comparebunt.
1239 3933 1281 4006 et
1310 3949 1428 4006 more
1460 3932 1675 4006 consueto
1705 3922 2050 4004 sieut1ueoinile

316 4079 319 4086 ¹
374 4041 576 4154 requirit·
586 4065 729 4124 eoram
750 4042 940 4126 scultetis
962 4041 1174 4152 aliquibus
1197 4053 1241 4125 et
1261 4038 1489 4124 scabinis
1478 4065 1568 4121 rure
1598 4039 1843 4124 theutonico
1859 4057 2047 4148 rospon-

376 4163 477 4244 dere
498 4167 543 4240 et
562 4158 705 4242 subire
741 4159 944 4240 iudicium
978 4161 1249 4242 tenebuntur.
1301 4159 1398 4243 Hoo
1410 4172 1562 4240 tamen
1585 4141 1751 4242 adiecto
1789 4167 1855 4238 art
1838 4158 1977 4241 tinulo.
2000 4169 2048 4241 vt

375 4307 472 4361 oum
494 4305 571 4387 per
592 4277 780 4360 litterum
816 4277 1015 4385 principis
1053 4279 1170 4361 oitati
1201 4271 1367 4358 fuerint.
1389 4303 1475 4361 non
1497 4297 1643 4358 omnes
1665 4277 1709 4357 in
1729 4277 1909 4359 termino
1931 4301 2047 4359 eom-

373 4395 602 4506 parebunt.
625 4395 703 4477 sed
723 4396 1018 4480 tantummodo
1056 4397 1261 4478 scultetus
1298 4397 1488 4503 aooeptis
1520 4418 1666 4475 secum
1689 4391 1855 4476 duobus
1878 4392 2045 4480 ciuibus

369 4517 417 4595 in
438 4514 616 4596 termino
640 4515 698 4595 eis
719 4513 882 4623 profixo
910 4511 1126 4595 astabunt.
1178 4513 1239 4596 Ut
1258 4515 1401 4594 autem
1422 4513 1503 4593 heo
1523 4519 1670 4594 nostra
1700 4509 1970 4595 confirmacio
1994 4541 2045 4594 ao
2111 4543 2135 4592 ο

371 4633 599 4714 innouaoio
624 4641 667 4713 et
687 4643 829 4715 nostro
865 4631 1011 4742 gracie
1047 4625 1231 4720 addicioss
1262 4645 1341 4710 neo
1372 4658 1466 4740 non·
1492 4631 1625 4714 nostri
1661 4640 1896 4714 conuentus
1932 4629 2046 4738 prior

259 4746 285 4806 ·.
371 4747 570 4835 vendioio
591 4749 797 4856 perhenni
817 4749 971 4836 r‘oboro
990 4747 1199 4832 ἐίιιιιιιιιιι.ι
1220 4755 1263 4830 et
1282 4747 1527 4857 incorrupta
1562 4747 1821 4856 permaneat
1859 4748 2043 4857 presenti
