4822 5924
1112 723 1159 741 -
1182 759 1191 809 .·
1214 687 1294 772 181,
1342 723 1389 740 -·

253 911 263 918 “
417 903 499 990 uie.
520 893 779 985 Pomeranie.
797 889 1044 1000 Russieqire
1067 891 1261 973 domImrs
1283 891 1483 972 etherea
1529 887 1706 972 Tenme
1727 891 1992 1000 presencium
2012 919 2090 976 no..

312 1011 315 1022 '
418 1029 509 1103 tum
539 1016 717 1106 ¹facimus
750 1009 906 1120 quibus
919 1011 923 1018 “
938 1009 1110 1118 expedit
1139 1008 1347 1092 vniuersis
1368 1018 1456 1088 tam
1477 1003 1902 1117 presentibusquam
1922 1009 2088 1094 suturis.
2117 1033 2122 1036 ·

361 1163 363 1172 ·
418 1129 547 1236 Quod
568 1136 623 1234 ad
644 1139 833 1214 nostram
856 1137 898 1208 et
916 1127 1131 1212 Beronum
1151 1136 1390 1210 nostrorum
1412 1126 1669 1208 accedentes
1691 1129 1970 1235 presenciam.
2008 1127 2087 1212 ds-

416 1247 583 1337 missiae
606 1253 743 1333 dictus
768 1245 931 1348 Muplau.
953 1243 1197 1328 Vnesslaus.
1221 1245 1401 1328 Thomu.
1424 1241 1523 1326 Ian.
1542 1270 1638 1326 cum
1656 1243 1887 1328 Clemente.
1906 1271 2089 1332 necnon.

235 1425 250 1465 .·
308 1437 311 1440 -
420 1371 622 1460 Stachna.
645 1366 890 1453 Oatherino.
911 1361 1178 1474 Magdalena
1199 1372 1243 1446 et
1264 1362 1471 1445 Thomna.
1495 1359 1673 1444 heredes
1695 1363 1750 1446 de
1773 1358 2018 1448 Cisauna.
2032 1365 2088 1478 (ἢ

418 1493 674 1575 sedimento
698 1494 741 1566 et
761 1509 935 1592 corpore
967 1483 1206 1564 existentes.
1240 1508 1325 1564 non
1357 1479 1568 1589 compulsi·
1584 1506 1665 1562 nec
1686 1485 1825 1567 coacti
1845 1508 1991 1594 neque
2011 1480 2090 1566 ali-

420 1631 507 1720 quo
531 1609 626 1694 dolo
648 1599 939 1705 circumuenti,
969 1603 1047 1683 sed
1068 1609 1304 1709 spontanea
1340 1599 1621 1682 voluntateet
1642 1599 1756 1684 bona
1778 1601 2124 1686 deliberacione*

417 1729 484 1811 sui
504 1727 632 1815 animi
653 1719 889 1833 prehabita.
943 1717 1098 1802 Totam
1123 1727 1286 1825 partem
1310 1745 1383 1798 sue
1407 1717 1652 1800 hereditatis
1673 1719 1832 1804 ibidem
1852 1718 1896 1800 in
1920 1715 2122 1818 Crasse-¹n
2206 1819 2209 1824 1

416 1845 652 1956 oioz'quam
674 1839 994 1924 exsuccessione
1011 1835 1108 1950 (sic)
1127 1853 1298 1920 suorum
1317 1837 1751 1947 parentumjlegitime
1771 1851 1981 1946 tanquam
2001 1839 2090 1924 veri

387 1965 596 2052 ·heredes
637 1958 916 2072 possidebant
946 1985 998 2038 ex
1027 1957 1193 2064 integro
1226 1983 1323 2038 cum
1355 1956 1465 2038 omni
1498 1953 1603 2038 Iure
1626 1985 1677 2039 ac
1700 1959 1884 2050 dominio
1921 1985 2087 2042 necnon

418 2083 615 2167 omnibns
638 2089 682 2160 et
701 2078 876 2188 singulis
913 2073 1165 2159 utilitatibus
1202 2071 1411 2156 fructibus
1436 2082 1480 2155 et
1497 2075 1767 2182 pertinenciis
1805 2078 2010 2158 vniuersis
2032 2077 2087 2159 od

279 2237 284 2244 ·
417 2205 553 2310 ipsam
574 2207 739 2307 partem
761 2195 1011 2278 hereditatis
1031 2194 1075 2274 in
1096 2202 1209 2276 terra
1231 2201 1272 2276 et
1295 2219 1410 2300 aqua
1442 2194 1763 2298 quomodolibet
1793 2197 2087 2303 spectantibus
2143 2193 2148 2198 ’

292 2324 297 2331 ’
417 2330 544 2431 prout
565 2319 680 2399 dicta
700 2341 799 2422 pars
820 2315 864 2394 in
886 2314 971 2394 suis
993 2311 1180 2398 terminis
1203 2315 1293 2395 siue
1314 2312 1507 2420 insigniis
1533 2317 1726 2424 ‘noscitur
1762 2314 2087 2416 esse’distincta‚
2111 2355 2118 2364 ·

418 2449 462 2524 et
481 2427 608 2550 prout
630 2431 807 2532 eandem
828 2431 915 2512 suis
938 2417 1197 2538 temporibus
1222 2430 1301 2513 soli
1322 2429 1537 2536 tenebant,
1574 2432 1680 2514 nihil
1701 2431 1799 2512 iuris
1822 2432 1892 2514 vel
1915 2431 2087 2515 dominii
2159 2441 2163 2446 '

418 2582 585 2641 exnunc
606 2549 817 2634 incudem
853 2559 980 2659 parte.
1010 2547 1257 2652 hereditatis
1278 2576 1353 2657 pro
1376 2577 1424 2630 se
1445 2550 1513 2634 vel
1535 2537 1623 2634 suis
1656 2549 1880 2660 quibusuis
1918 2553 2092 2660 propin-⁸

284 2687 286 2692 '
385 2677 386 2682 '
421 2675 517 2786 quis
552 2673 721 2782 penitus
757 2667 1027 2752 reseruando.
1079 2665 1221 2749 Nobili
1241 2695 1293 2749 sc
1308 2674 1488 2752 strenuo
1523 2671 1643 2752 militi
1672 2667 1845 2752 domino
1882 2669 2088 2778 Raphseli

420 2790 745 2879 Suboamerario
783 2785 1118 2871 Sandomiriensi
1142 2793 1184 2868 et
1205 2787 1296 2868 eius
1317 2787 1497 2896 posteris
1518 2815 1602 2895 pro·
1618 2779 1856 2870 Trecentis
1878 2783 2089 2900 quinqua·
2182 2809 2191 2818 ’

420 2913 542 3022 ginta
560 2908 715 2990 marcis
743 2932 988 3018 grossorum
1007 2907 1282 3016 pragensium
1303 2905 1467 3014 numeri
1486 2905 1738 3014 polonicalis
1760 2903 1947 2990 XLVIII
1969 2935 2090 3016 gros-

388 3051 489 3112 'sos
510 3033 586 3138 pro
610 3024 804 3138 qualibet
838 3050 985 3105 marca
1022 3023 1310 3132 computando
1347 3023 1629 3132 vendiderunt
1657 3037 1863 3136 perpetuo
1897 3036 1939 3106 et
1957 3023 2089 3110 libere

419 3143 759 3256 resignauerunt.
793 3169 937 3226 coram
967 3149 1115 3225 nostra
1143 3142 1265 3254 regia
1285 3142 1509 3224 maiestate
1530 3139 1658 3251 pr'out
1678 3146 1870 3254 superius
1893 3143 2002 3228 clare
2024 3155 2091 3230 est

418 3289 677 3372 expressum.
698 3362 702 3371 Ι
739 3260 828 3343 Alii
842 3267 986 3343 autem
1006 3259 1183 3372 heredes
1204 3259 1362 3342 ibidem
1386 3255 1696 3344 deCrzr'ssoor‘cz
1717 3289 1897 3374 quorum
1919 3267 2090 3348 nomina
2240 3293 2247 3300 ·

370 3485 375 3498 .
418 3381 703 3466 subsecuntur
722 3382 767 3494 in
788 3378 991 3462 absencia
1010 3387 1153 3460 nostre
1174 3382 1409 3462 maiestatis
1431 3389 1596 3489 partem
1617 3407 1738 3462 suam
1758 3381 1949 3466 eiusdem
1970 3383 2090 3466 here·
2169 3470 2176 3482 ,

315 3536 320 3544 ·
421 3500 565 3582 ditatis
587 3498 631 3580 in
657 3495 893 3582 Crzz'ssour'rz
929 3499 1149 3606 exintegro
1187 3525 1329 3582 coram
1367 3497 1535 3582 domino
1571 3495 1796 3584 Bodzatha
1817 3513 2089 3610 procuratore
2187 3494 2190 3499 ’

420 3629 566 3709 nostro,
588 3615 779 3726 generali
802 3644 899 3698 cum
940 3613 1137 3700 omnibus
1170 3625 1214 3711 et
1241 3617 1420 3727 singulis
1462 3615 1713 3700 utilitatibus
1745 3648 1797 3702 ac
1818 3617 2090 3728 pertinenciis
2112 3703 2118 3712 ,

419 3737 628 3819 uniuersis
648 3742 776 3841 prout
796 3737 838 3815 in
856 3722 1008 3817 litteris
1031 3735 1162 3844 ipsius
1184 3735 1343 3817 domini
1379 3736 1663 3846 procuratoris
1695 3763 1820 3846 super
1841 3737 1923 3818 hoc
1945 3737 2090 3820 confe·
2130 3727 2144 3752 “

232 3863 236 3880 ’
329 3915 337 3932 .
421 3857 502 3937 ctis
524 3861 567 3934 et
586 3861 690 3936 tunc
714 3879 857 3935 coram
894 3849 1018 3944 nobis
1037 3853 1231 3960 ostensis
1262 3851 1426 3960 plenius
1449 3853 1701 3936 continetur.
1752 3853 1960 3962 Videlicet
1980 3853 2090 3940 Ros·

420 3973 548 4056 slaus.
571 3967 731 4072 Adam,
752 3969 924 4052 filiaster
944 3965 1168 4078 Heynricj,
1197 3969 1474 4067 Przibislaua.
1497 3969 1708 4082 Wyehna.
1728 3981 1774 4075 et
1796 3965 1984 4066 Oristina
2002 3973 2089 4056 filie

420 4089 639 4179 Stasconis
662 4087 761 4178 olim
784 4089 886 4173 dicti
907 4085 1093 4192 Laerta.
1111 4088 1280 4204 Golu'ch
1299 4088 1368 4202 (l),
1385 4089 1586 4178 Libertus
1609 4087 1758 4174 fratres
1781 4093 1972 4206 germani
1994 4091 2090 4196 olim

419 4205 663 4297 Clementis.
685 4211 729 4324 et
750 4203 935 4307 Machna
955 4189 1039 4290 filia
1061 4207 1162 4292 olim
1183 4197 1415 4316 Snylonis,
1456 4209 1563 4313 Item
1595 4209 1783 4317 Machna
1814 4209 2026 4319 Smylonis
2049 4223 2092 4292 et

419 4329 622 4412 Nicolaus
664 4321 884 4410 Pribconis
927 4325 1174 4444 Gothardus
1197 4335 1240 4408 et
1261 4328 1503 4436 Heynricus
1540 4327 1688 4412 fratres
1727 4329 1930 4438 germani.
1982 4327 2091 4412 Item

420 4447 624 4534 Nicolaus
647 4455 691 4529 et
713 4443 1008 4550 Suantoslaus‚
1028 4475 1194 4536 necnon
1216 4444 1431 4533 Oresthca
1451 4447 1550 4534 olim
1569 4445 1920 4532 Clementisdicti
1940 4443 2086 4528 Wrot'l.

526 4731 568 4818 (Ἴ
588 4731 809 4800 venditiones
824 4703 960 4800 aliarnrn
976 4737 1117 4822 partium
1131 4737 1227 4802 villae
1246 4739 1456 4824 Kreysroroicr
1468 4736 1572 4805 habes
1587 4737 1696 4804 lector
1711 4734 1885 4813 benevole,
1894 4736 1962 4822 jam
1978 4755 2088 4820 supra.

422 4813 960 4902 (conf-tabulaturarsor-ry,
1035 4863 1040 4870 .
1404 4864 1408 4870 .
1909 4855 1914 4863 -
