4856 5932
1072 701 1351 778 ...3⁶3-

383 911 525 1016 tentnr
547 929 643 988 cum
664 903 788 1013 pleno
810 903 915 993 Jur'e
937 913 981 987 et
1000 913 1090 991 toto
1122 906 1304 993 dominio
1340 915 1466 1017 prout
1495 893 1643 1018 ipsam
1677 907 1818 993 villam
1862 905 2041 1000 ereezu

384 1027 484 1110 cum
502 1022 616 1108 Area
634 1021 678 1106 in
699 1023 882 1108 Zacrzow
918 1023 999 1109 sita
1033 1025 1169 1111 tenuit
1203 1025 1354 1127 habuit
1387 1027 1595 1111 haetenus
1635 1035 1677 1110 et
1710 1030 1900 1140 possedit
1929 1029 2043 1116 Nihil

385 1142 503 1230 duris
522 1142 796 1254 Proprietatis
827 1169 968 1253 neque
999 1145 1171 1230 dominii
1189 1147 1233 1228 in
1254 1146 1403 1232 eadem
1434 1145 1531 1231 villa
1560 1141 1740 1231 Weleoza
1760 1176 1857 1231 cum
1878 1177 1977 1231 area
1995 1151 2040 1232 in
2143 1227 2149 1240 ‚

323 1266 327 1274 '
385 1261 571 1348 Zacrzow
593 1264 675 1346 sita
694 1289 770 1375 pro
791 1290 838 1345 se
857 1263 951 1374 ipso
971 1293 1112 1376 neque
1133 1290 1209 1374 pro
1230 1265 1317 1348 suis
1338 1266 1536 1380 legitimis
1577 1263 1893 1352 suecessoribus
1924 1269 2044 1378 peni-

385 1389 454 1465 tus
475 1383 745 1467 reseruando.
794 1379 976 1468 Strenuo
997 1385 1087 1469 viro
1112 1385 1278 1469 domino
1301 1386 1426 1471 Petro
1449 1387 1551 1469 alias
1575 1383 1875 1472 Schaffranecz
1896 1387 2044 1469 heredi

387 1501 441 1585 de
460 1497 831 1586 Pz'erzltowa-Sleala
853 1499 908 1614 (⁴)
931 1499 1214 1614 Subdapifero
1257 1502 1531 1590 Oracouiensi
1570 1533 1646 1614 pro
1689 1505 1880 1590 ducentis
1920 1506 2043 1615 quin·
2148 1497 2151 1504 ’

387 1619 596 1740 quaginta
616 1622 768 1703 marcis
790 1647 1030 1731 grossorum
1051 1622 1228 1708 latorum
1245 1623 1526 1734 Pragensium
1541 1625 1702 1707 numeri
1719 1625 1910 1711 Poloniei
1929 1652 2043 1708 nunc
2197 1697 2198 1706 v

386 1742 579 1823 consueti
599 1739 763 1823 scilicet
783 1740 1076 1852 quadraginta¹
1091 1753 1186 1828 octo
1209 1769 1380 1854 grossos
1402 1773 1587 1834 marcam
1608 1746 1651 1827 in
1669 1745 1904 1853 quamlibet
1924 1769 2041 1826 com·
2145 1802 2148 1808 -

385 1860 577 1970 putando
597 1858 737 1942 fassus
759 1868 825 1942 est
846 1869 889 1940 et
907 1859 1048 1972 palam
1067 1861 1210 1946 retulit
1230 1863 1471 1946 vendidisse
1490 1865 1714 1974 ipsamque
1739 1865 1884 1962 villam
1913 1858 2044 1944 Wala-

388 2003 457 2061 cza
477 2005 574 2060 eum
592 1973 706 2078 Area
726 1978 770 2060 in
790 1975 975 2063 Zaerzoeo
997 1981 1078 2064 sita
1098 1978 1224 2066 dusto
1249 1991 1290 2064 et
1309 2009 1408 2068 vero
1440 1983 1699 2066 vendicionis
1723 1992 1764 2066 et
1782 1981 2045 2094 resignacio·

387 2098 454 2179 nis
474 2097 594 2184 titulo
615 2099 659 2180 in
677 2103 928 2209 perpetuum
948 2095 1184 2212 resignavit
1202 2127 1278 2209 per
1298 2102 1437 2210 ipsum
1460 2097 1673 2186 dominum
1688 2101 1860 2213 Petrum
1883 2111 1925 2184 et
1945 2126 2045 2185 suos

319 2277 323 2284 -
385 2215 599 2328 legitimos
629 2211 898 2302 successores
929 2219 1156 2302 tenendam
1177 2219 1421 2304 habendam
1441 2219 1723 2305 vtifruendam
1741 2221 2046 2334 possidendam

375 2335 655 2420 'vendendam
692 2335 933 2421 donandam
966 2335 1238 2450 obligandam
1257 2335 1312 2446 'ac
1333 2339 1375 2421 in
1396 2368 1496 2424 vsus
1512 2352 1618 2425 'suos
1641 2348 1683 2421 et
1704 2367 1873 2423 suorum
1905 2339 2046 2450 legiti-

385 2481 549 2540 morum
590 2483 885 2542 successorum
925 2457 1161 2560 secundum
1200 2457 1516 2570 beneplacitum
1553 2485 1673 2544 suum
1712 2457 2045 2542 conuertendam

387 2583 516 2683 prout
535 2574 617 2658 sibi
640 2584 681 2658 et
702 2579 788 2659 suis
809 2575 1008 2685 legitimis
1030 2575 1346 2661 successoribus
1368 2577 1657 2689 supraindicta
1672 2575 1891 2692 (sic)‘villa
1917 2572 2048 2662 Welc-

389 2717 457 2776 aza
477 2700 521 2776 et
542 2722 639 2778 eum
658 2694 773 2780 Area
793 2697 837 2778 in
857 2691 1040 2780 Zacrzae
1062 2697 1144 2780 sita
1165 2698 1426 2781 commodius
1450 2707 1493 2781 et
1511 2696 1651 2781 vtilius
1687 2693 1899 2780 videbitur
1922 2723 2050 2807 expe·

391 2811 479 2896 dire
498 2815 748 2922 promittens
772 2816 907 2900 eciam
926 2817 1119 2925 predicto
1142 2815 1310 2901 domino
1331 2817 1456 2903 Petro
1474 2815 1756 2926 Subdapifero
1774 2813 2049 2901 Oracouiensi

388 2930 493 3016 aliae
515 2931 817 3020 Szafranczoui
840 2940 882 3018 et
903 2937 989 3018 suis
1006 2923 1257 3045 sequatibus
1276 2932 1333 3050 (l)
1353 2965 1430 3046 pro
1452 2937 1564 3021 omni
1587 2928 1770 3046 dampno
1793 2944 1836 3017 et
1859 2933 2052 3045 quolibet

386 3053 552 3138 notorio
572 3053 874 3164 impedimento
896 3051 995 3136 hinc
1017 3057 1125 3140 infra
1145 3057 1337 3166 spacium
1363 3057 1489 3139 trium
1510 3082 1714 3140 annorum
1735 3082 1828 3136 sese
1850 3057 2050 3140 continue

386 3173 666 3280 sequencium
686 3173 830 3284 ipsum.
849 3175 1001 3258 eteius
1023 3201 1291 3260 successores
1326 3175 1537 3286 legitimos
1560 3171 1615 3258 ab
1638 3172 1833 3258 omnibus
1872 3173 2050 3259 infesta-

387 3287 581 3376 cionibus
616 3293 786 3376 racione
823 3293 937 3393 ville
961 3290 1142 3379 Weleeza
1158 3292 1205 3378 'et
1226 3301 1324 3376 cum
1345 3293 1521 3390 Arcain
1542 3291 1725 3394 Zuorzow
1756 3293 1839 3376 sita
1858 3296 2047 3403 proxime
2068 3331 2072 3346 ·
2152 3296 2154 3306 '

283 3471 287 3482 .
388 3407 503 3492 dicta
522 3410 821 3524 intercedendo
842 3407 1029 3518 releuare
1050 3407 1212 3506 to'ciens
1234 3416 1437 3526 quociens
1460 3410 1558 3525 (sic)
1590 3422 1873 3524 opportunum
1912 3412 2047 3496 eidem
2169 3413 2174 3424 ’

387 3526 703 3613 dominoPetro
726 3528 1115 3636 dictoSaalranecz
1139 3531 1419 3641 Subdapifero
1438 3531 1711 3618 Oracouiensi
1734 3559 1784 3614 ae
1804 3532 1897 3612 suis·
1911 3529 2052 3640 legiti-

371 3647 465 3730 mis
486 3648 804 3732 suceessoribus
825 3647 951 3734 fuerit
971 3659 1015 3733 et
1033 3677 1222 3734 necesse.
1252 3650 1303 3733 In
1325 3652 1445 3734 cuius
1464 3651 1524 3734 rei
1545 3650 1832 3752 testimonium
1854 3643 2049 3761 Sigillum

386 3775 575 3852 nostrum
596 3768 868 3853 Presentibua
891 3781 958 3855 est
978 3797 1212 3880 appensum
1245 3770 1391 3852 datum
1414 3769 1622 3854 Oraeouie
1644 3766 1749 3856 feria
1770 3776 1924 3878 quarta
1943 3765 2052 3852 infra
2156 3808 2164 3825 ·
2270 3753 2275 3764 ¹

215 3903 228 3930 ·
344 3923 349 3946 ·
389 3881 579 3973 Octauas
602 3886 763 3974 Sancte
787 3887 1014 3976 Oatherin'e
1034 3890 1210 4002 virginis
1225 3887 1529 4004 Annodomini
1548 3886 1763 3990 millesimo
1782 3885 1936 3975 0000
1953 3915 2050 3999 pre-

452 4245 453 4250 *
495 4193 538 4273 (⁴)
561 4189 720 4259 Pieslrowc
735 4191 845 4272 Stolo,
861 4193 939 4260 villa
955 4193 1031 4258 olim
1049 4187 1278 4262 cracoviensis
1304 4189 1505 4280 provinciae.
1541 4187 1665 4257 Petrus
1687 4189 1875 4258 Szafraniec
1890 4189 1998 4274 junior
2012 4191 2052 4258 de

391 4273 550 4344 Pialmwa
565 4275 675 4354 Stolo,
691 4285 748 4342 aut
762 4278 880 4346 Petrus
897 4279 937 4344 de
951 4280 1072 4367 lareyo
1086 4279 1195 4360 (1421,
1211 4275 1325 4345 videas
1349 4275 1530 4356 „Dodatek
1558 4277 1718 4374 tygodnio
1775 4276 1792 4304 '’
1823 4277 1915 4354 1852,
1941 4275 1986 4340 Νο
1997 4279 2051 4360 21)

391 4359 652 4428 subcamerarius
664 4363 731 4448 jam
745 4363 971 4432 cracoviensis
983 4363 1046 4429 fuit
1060 4387 1088 4430 a.
1103 4365 1195 4438 1410,
1208 4362 1243 4426 in
1256 4361 1342 4429 bello
1355 4372 1472 4428 contra
1483 4359 1681 4447 Crucrgeros
1692 4361 1725 4424 in
1739 4381 1741 4386 ’
1769 4358 1874 4426 russia
1889 4358 2053 4430 aPolonis

390 4455 424 4510 et
437 4443 610 4512 Lithuanis
627 4457 732 4530 gesto,
749 4455 782 4511 et
796 4445 860 4514 hoc
874 4458 1022 4535 tempore
1049 4447 1211 4536 generalis
1234 4446 1437 4512 exercituum
1453 4447 1517 4516 dux
1542 4467 1611 4509 are
1637 4443 1836 4510 eVladislao
1854 4443 2052 4514 nominatus.

392 4527 489 4596 Ocni·
502 4529 707 4618 Wapowscii
722 4531 881 4610 Annales,
897 4533 1073 4598 vernacula
1087 4533 1199 4619 lingua
1220 4553 1325 4616 nuper
1340 4530 1457 4598 Vilnae
1472 4529 1580 4595 editos
1597 4469 1635 4595 ,1ss
1649 4528 1692 4606 ll,
1708 4552 1741 4614 p.
1753 4531 1825 4594 281.
1861 4528 1941 4594 enit
1955 4532 2053 4599 etiam

388 4613 581 4704 capitaneus
595 4613 816 4682 laodiciensis.
850 4617 903 4684 De
919 4617 975 4683 illo
990 4617 1083 4704 legas
1098 4618 1132 4682 in
1148 4615 1272 4687 O'odice
1298 4624 1415 4682 nostro
1431 4615 1491 4682 sub
1506 4613 1616 4680 multia
1631 4613 1725 4679 annis
1739 4611 1868 4679 tabulas
1882 4615 1950 4700 jam
1962 4623 2054 4706 typis

388 4709 550 4778 exaratas,
581 4709 615 4764 et
644 4699 756 4766 Lucae
787 4695 1043 4785 Golebiowscii,
1064 4699 1282 4780 „Panovumie
1314 4699 1360 4766 Ja
1386 4697 1566 4776 'ellono'vv,”
1589 4709 1622 4764 et
1649 4695 1809 4780 Labeccii
1831 4695 2052 4782 „Gdrnictvvo

390 4807 422 4850 w
433 4785 569 4852 Pelsce”
588 4785 627 4852 Τ.
642 4785 776 4877 ll,·pag.
791 4789 861 4852 124.
898 4787 1014 4854 Frater
1030 4793 1099 4867 ejus
1114 4796 1194 4884 natu
1207 4787 1323 4871 major,
1350 4723 1467 4852 fieus
1482 4782 1591 4860 etiam,
1620 4779 1783 4870 palatinus
1814 4783 2053 4864 cracoviensis,

297 4945 300 4951 ,
391 4879 539 4938 mortuus
555 4894 585 4936 a.
598 4873 690 4938 1348.

1757 4937 1845 5037 'ror
1884 5071 1887 5076 Ι
