4890 5924
1123 714 1171 732 -
1223 680 1308 764 2⁶4¹
1349 715 1400 730 -··

433 885 675 970 monialium
712 878 890 985 Oenobij
929 877 1213 964 Sandecensis
1248 886 1393 960 nostre
1430 859 1565 988 Regio
1608 873 1850 964 celsitudini
1890 883 2147 985 humiliter,

434 1001 706 1113 supplicavit,
742 999 810 1082 Ne
840 996 1029 1080 homines
1065 995 1272 1101 ipsarum,
1308 995 1508 1076 videlicet
1530 993 1672 1104 Cives
1696 999 1747 1082 dc
1768 996 1963 1109 Antiqua
1999 1002 2104 1087 San-

435 1119 524 1202 decr
546 1118 600 1229 (²)
622 1118 678 1202 ad
696 1115 854 1198 iudicia
892 1111 1229 1198 Castellanorum
1266 1111 1533 1197 traherentur
1570 1113 1625 1193 ad
1656 1114 1953 1220 iudicandum,
1985 1129 2029 1200 et
2058 1135 2106 1206 ut

434 1264 510 1318 suo
532 1237 620 1316 iure
644 1233 940 1336 Thewtonico,
982 1257 1108 1336 super
1141 1255 1226 1336 quo
1259 1238 1358 1310 sunt
1386 1256 1462 1335 per
1492 1231 1628 1338 ipsam
1652 1258 1703 1314 ac
1723 1260 1801 1339 per
1821 1241 1974 1319 totum,
1991 1235 2105 1322 Con.

433 1360 605 1435 ventum
636 1351 801 1434 fundati
823 1358 865 1430 et
885 1347 1058 1428 firmiter
1088 1346 1287 1446 radicati,
1319 1345 1412 1452 ipso
1448 1347 1539 1430 iura
1567 1347 1617 1428 'in
1637 1372 1746 1454 pace
1767 1349 1858 1448 ‚frui
1889 1355 2105 1457 permitte·
2151 1409 2154 1416 ·

431 1480 587 1552 rentur.
640 1469 729 1551 Nos
760 1469 907 1574 itaque
938 1463 1154 1571 peticioni,
1174 1464 1263 1542 eius
1284 1465 1326 1544 in
1349 1462 1430 1542 hac
1452 1473 1579 1571 parte.
1596 1466 1921 1571 acquiescentes
1954 1492 2104 1578 supra-

433 1589 570 1670 dictos
593 1587 708 1668 cives
731 1583 786 1666 ab
810 1581 1004 1676 omnibus
1026 1581 1125 1668 iuris
1158 1577 1257 1690 (sic)
1293 1579 1634 1664 iuisdieionibus
1670 1583 1978 1688 Palatinarum,
2018 1587 2103 1670 Oa·
2228 1607 2242 1706 '⁸

431 1706 725 1803 stellariorum,
757 1687 979 1798 luditum,
1013 1695 1310 1798 Subiudicum,
1335 1691 1622 1798 officialium,
1644 1698 1997 1806 Ministerialium,
2020 1703 2102 1787 Ju-

431 1823 709 1904 sticiariorum
729 1817 861 1900 nostri
883 1815 1024 1923 Regni
1045 1821 1088 1894 et
1108 1841 1134 1894 a
1156 1812 1377 1922 quibusvis
1399 1813 1600 1921 Angarijs
1624 1824 1666 1896 et
1686 1816 1986 1926 pre-Angarijs
2005 1820 2102 1932 (sie)

292 1959 296 1966 ·
430 1927 759 2038 Polonicalibns,
791 1958 1065 2043 quocumque
1096 1930 1265 2012 nomine
1287 1939 1552 2033 censeantur,
1589 1935 1704 2039 ipsos
1729 1937 1898 2018 omnino
1920 1933 2117 2020 facimus·

428 2054 518 2139 fore
555 2053 790 2154 absolutos,
825 2051 1000 2148 liberos,
1036 2046 1243 2126 immunes
1266 2058 1308 2127 et
1331 2057 1567 2152 exemptos,
1598 2050 1667 2128 Ita
1697 2059 1746 2129 ut
1777 2077 1921 2130 eoram
1946 2053 2005 2134 eis
2027 2064 2103 2136 aut

429 2173 570 2276 aliquo
605 2197 748 2266 eorum
784 2168 954 2246 minime
978 2161 1164 2240 debeant
1183 2159 1441 2264 respondere
1464 2163 1507 2242 in
1530 2165 1671 2244 causis
1694 2174 1780 2246 tam
1803 2169 1946 2272 parvis
1970 2197 2099 2277 quam

429 2285 595 2394 magnis
618 2281 903 2389 Capitalibus,
936 2275 1238 2374 criminalibus,
1269 2275 1398 2356 Puta:
1418 2276 1540 2381 ¹furti,
1581 2277 1833 2389 Sanguinis,
1856 2282 2098 2392 Homicidij,

427 2401 638 2507 Incendij,
676 2395 896 2503 Sacrilegij
936 2421 987 2474 ac
1024 2391 1114 2498 alijs
1152 2391 1500 2502 quibuscunque,
1542 2397 1618 2478 sed
1653 2399 1947 2482 tantummodo
1984 2427 2095 2483 unus

426 2521 607 2629 quisque
630 2543 775 2598 eorum
797 2539 939 2594 coram
960 2537 1037 2592 suo
1059 2508 1283 2592 Advocato
1317 2511 1510 2592 omnibus
1536 2511 1586 2593 de
1609 2539 1659 2594 se
1678 2515 1997 2623 querulantibus
2020 2545 2096 2603 suo
2141 2613 2151 2633 ·
2245 2537 2248 2546 '
2283 2508 2288 2520 ¹

280 2679 285 2694 ·
327 2703 331 2710 .
425 2638 515 2716 iure
535 2633 799 2713 thevvtunico·
822 2625 1098 2734 respondebit
1119 2635 1162 2705 et
1182 2625 1241 2706 ibi
1262 2630 1556 2737 unusquisque
1587 2641 1713 2738 prout
1735 2633 2000 2736 demeruerit,
2022 2662 2099 2717 au·

429 2751 573 2832 dacter
604 2749 816 2858 puniatur.
878 2744 1056 2849 Insuper
1078 2746 1179 2852 quia
1200 2769 1352 2850 corpus
1375 2747 1519 2826 matris
1541 2760 1684 2829 nostre
1708 2748 1920 2858 diligende
1942 2725 2105 2834 ibidem'

391 2945 398 2958 ,
428 2865 676 2975 requiescit,
708 2857 901 2948 Unde'ut
922 2860 1104 2941 animam
1138 2861 1226 2942 eius
1251 2888 1299 2943 ec
1321 2861 1573 2970 'diligencius
1596 2865 1637 2958 in
1661 2867 1864 2949 memoria
1893 2859 2098 2972 habeant,
2157 2905 2160 2914 ’

427 2985 515 3066 Nos
538 2983 592 3062 de
614 2989 756 3066 nostra
775 2979 895 3087 regia
916 2977 1182 3086 benignitate
1205 2976 1248 3056 in
1269 3003 1590 3086 recompensam
1612 2981 1757 3084 huius,
1790 2983 1953 3065 civitati
1984 2987 2107 3092 ipsa--

427 3127 519 3180 rum
551 3107 769 3209 gratanter
800 3095 992 3216 volumus
1015 3092 1240 3178 subvenire
1262 3094 1359 3176 Tali
1381 3095 1460 3176 sub
1482 3095 1648 3202 favore,
1687 3095 1814 3197 Quod
1851 3101 2133 3210 quicunque'
2189 3095 2196 3102 ’

429 3247 480 3298 ex
502 3216 665 3299 civibus
701 3211 863 3323 prefate
901 3211 1083 3294 civitatis
1122 3211 1300 3294 Terram
1339 3209 1587 3320 insensem
1611 3213 1708 3326 (sic)
1742 3215 1796 3326 (³)
1835 3211 1908 3300 Sal
1943 3217 2097 3301 ducere

429 3332 652 3440 voluerint,
688 3333 765 3414 illis
804 3327 998 3412 omnibus
1037 3337 1080 3408 et
1101 3329 1274 3411 cuilibet
1305 3329 1492 3436 ipsorum
1514 3331 1556 3411 in
1578 3329 1740 3440 Zuppis
1772 3335 1926 3416 nostris
1948 3335 2097 3418 videli-

429 3458 498 3532 cet
536 3447 746 3559 Welycrlco
777 3454 819 3528 et
852 3447 894 3528 in
933 3443 1100 3526 Baeton
1129 3447 1496 3556 unumquemlibet
1533 3444 1835 3534 Centenarium
1875 3450 1984 3536 Salis
2023 3481 2099 3561 per

430 3577 614 3673 quatuor
650 3591 822 3677 grossos
858 3560 1026 3646 monete
1063 3561 1222 3644 usualis
1246 3563 1336 3644 dari
1359 3565 1630 3674 assignamus
1667 3567 1894 3676 Zupparijs
1932 3571 2099 3674 nostris,

428 3687 504 3793 qui
523 3710 714 3793 pronunc
735 3691 835 3766 sunt
856 3691 930 3762 aut
952 3681 1026 3790 qui
1045 3707 1121 3788 pro
1143 3689 1333 3790 tempore
1355 3681 1509 3762 fuerint
1528 3683 1701 3768 firmiter
1719 3685 1993 3794 iniungentes
2014 3685 2096 3770 hoc

302 3891 305 3896 ,
428 3810 636 3909 perpetuo
657 3799 951 3883 inviolabiliter
973 3797 1208 3888 observari,
1233 3797 1290 3880 Et
1311 3800 1353 3880 in
1368 3799 1497 3882 robur
1515 3811 1719 3908 perpetue
1740 3801 1950 3882 firmitatis
1972 3803 2111 3884 huius-

428 3927 570 4004 nostre
593 3917 838 4024 donaciqnis
859 3925 1076 4022 presentes
1099 3915 1224 4026 sigilli
1244 3919 1375 3998 nostri
1398 3919 1654 4026 appensione
1673 3919 1866 4000 duximus
1882 3915 2095 4002 roborare.
2190 3961 2200 3972 κ

428 4035 584 4118 Actum
604 4034 648 4113 in
669 4032 846 4134 Soudeta
866 4029 970 4126 feria
991 4033 1159 4138 quinta,
1179 4031 1232 4114 In
1253 4043 1408 4130 octava
1429 4035 1613 4148 corporis
1637 4033 1805 4140 Christi.
1858 4033 1984 4120 Anno
2005 4035 2097 4119 Do-

427 4153 527 4236 mini
547 4150 767 4234 Millesimo
790 4141 937 4232 000⁰.
962 4145 1328 4258 Quinquagesimo
1353 4147 1531 4237 Octavo.
1578 4151 1853 4236 Prosentibus
1874 4151 1955 4261 hijs
1977 4153 2099 4235 testi·

428 4269 523 4374 bus:¹
552 4269 678 4352 Petro
701 4267 893 4352 Tribuno
917 4264 1054 4370 Orac,
1076 4263 1275 4380 Wijezga
1297 4267 1531 4380 Oapitaneo
1554 4269 1684 4361 Sand.
1704 4267 1772 4384 (Ἰ),
1801 4267 2098 4378 Wijrzbantha

482 4519 487 4526 ”
533 4518 577 4596 (²)
600 4517 694 4605 Slaty
711 4515 795 4600 Sart-
818 4550 859 4562 -
880 4517 923 4597 (³)
946 4517 1028 4604 Zipe
1054 4502 1252 4604 germanice,
1281 4477 1404 4584 Ziatar'c
1429 4515 1559 4607 Sptsla,
1587 4517 1664 4586 vide
1686 4519 1754 4603 jam
1776 4499 1878 4604 supra
1898 4515 2039 4584 tabulam
2056 4519 2116 4583 ad.
2144 4587 2151 4600 ¹
2317 4525 2322 4532 “
2415 4511 2419 4520 ’

429 4597 482 4668 ΝΟ.
500 4599 836 4754 thffiemimm’
852 4605 1100 4668 annotationem
1120 4603 1191 4686 ejus
1206 4623 1286 4666 vero
1302 4601 1449 4685 primam.
1568 4629 1570 4634 2
2186 4621 2189 4628 .
2235 4616 2239 4624 ,

535 4684 578 4764 (⁴)
668 4688 797 4768 ducaei,
827 4707 895 4751 non
911 4685 1182 4770 Sandomirisnsi,
1198 4685 1246 4754 uti
1260 4686 1399 4773 legimuq
1415 4687 1450 4752 in
1464 4677 1718 4772 transumptum
1738 4687 1818 4752 1461
1837 4686 1935 4766 (conf
1956 4683 2098 4752 tabulam
2181 4705 2186 4712 ·

429 4764 567 4837 inferius
581 4769 674 4856 typis
686 4772 893 4850 exaratamb
918 4770 1101 4858 Wydtgam
1127 4767 1230 4839 luisse
1252 4793 1283 4846 a.
1298 4771 1384 4860 1358.
1403 4771 1612 4862 capitaneum
1625 4769 1866 4876 sardacepsem
1880 4793 1947 4838 non
1964 4767 2095 4836 dubite-
