<?xml version="1.0" encoding="UTF-8"?>
<!DOCTYPE html PUBLIC "-//W3C//DTD XHTML 1.0 Transitional//EN"
    "http://www.w3.org/TR/xhtml1/DTD/xhtml1-transitional.dtd">
<html xmlns="http://www.w3.org/1999/xhtml" xml:lang="en" lang="en">
 <head>
  <title>
</title>
<meta http-equiv="Content-Type" content="text/html;charset=utf-8" />
  <meta name='ocr-system' content='tesseract 3.04.00' />
  <meta name='ocr-capabilities' content='ocr_page ocr_carea ocr_par ocr_line ocrx_word'/>
</head>
<body>
  <div class='ocr_page' id='page_1' title='image "./codexdiplomatic00bartgoog_0108.png"; bbox 0 0 4930 5922; ppageno 0'>
   <div class='ocr_carea' id='block_1_1' title="bbox 1119 717 1372 794">
    <p class='ocr_par' dir='ltr' id='par_1_1' title="bbox 1119 717 1372 794">
     <span class='ocr_line' id='line_1_1' title="bbox 1119 717 1372 794; baseline 0 -22"><span class='ocrx_word' id='word_1_1' title='bbox 1119 717 1372 794; x_wconf 68' lang='lat'>..72-</span> 
     </span>
    </p>
   </div>
   <div class='ocr_carea' id='block_1_2' title="bbox 375 895 2076 1155">
    <p class='ocr_par' dir='ltr' id='par_1_2' title="bbox 375 895 2076 1155">
     <span class='ocr_line' id='line_1_2' title="bbox 375 895 2076 1028; baseline -0.006 -17"><span class='ocrx_word' id='word_1_2' title='bbox 375 941 380 952; x_wconf 80' lang='grc'><em>’</em></span> <span class='ocrx_word' id='word_1_3' title='bbox 405 929 508 1012; x_wconf 87' lang='lat' dir='ltr'><strong>mite</strong></span> <span class='ocrx_word' id='word_1_4' title='bbox 542 907 712 1010; x_wconf 84' lang='lat' dir='ltr'><strong>Jacobo</strong></span> <span class='ocrx_word' id='word_1_5' title='bbox 728 921 972 1014; x_wconf 80' lang='lat' dir='ltr'><strong>¹castellano</strong></span> <span class='ocrx_word' id='word_1_6' title='bbox 995 918 1048 1002; x_wconf 90' lang='lat' dir='ltr'><strong>de</strong></span> <span class='ocrx_word' id='word_1_7' title='bbox 1069 915 1296 1028; x_wconf 82' lang='lat' dir='ltr'><strong>Woijnijcn</strong></span> <span class='ocrx_word' id='word_1_8' title='bbox 1319 927 1363 1001; x_wconf 86' lang='lat' dir='ltr'><strong>st</strong></span> <span class='ocrx_word' id='word_1_9' title='bbox 1383 916 1476 1026; x_wconf 82' lang='lat' dir='ltr'><strong>alijs</strong></span> <span class='ocrx_word' id='word_1_10' title='bbox 1510 895 1862 1028; x_wconf 68' lang='lat' dir='ltr'><strong>quamplurimis.</strong></span> <span class='ocrx_word' id='word_1_11' title='bbox 1912 915 2076 1002; x_wconf 87' lang='lat' dir='ltr'><strong>Datum</strong></span> 
     </span>
     <span class='ocr_line' id='line_1_3' title="bbox 406 1030 1900 1155; baseline -0.009 -27"><span class='ocrx_word' id='word_1_12' title='bbox 406 1073 482 1155; x_wconf 89' lang='lat' dir='ltr'><strong>por</strong></span> <span class='ocrx_word' id='word_1_13' title='bbox 502 1071 674 1128; x_wconf 85' lang='lat' dir='ltr'><strong>menum</strong></span> <span class='ocrx_word' id='word_1_14' title='bbox 698 1041 857 1126; x_wconf 88' lang='lat' dir='ltr'><strong>domini</strong></span> <span class='ocrx_word' id='word_1_15' title='bbox 873 1037 1077 1122; x_wconf 81' lang='lat' dir='ltr'><strong>Fuloonis</strong></span> <span class='ocrx_word' id='word_1_16' title='bbox 1097 1037 1338 1145; x_wconf 88' lang='lat' dir='ltr'><strong>cancellarij</strong></span> <span class='ocrx_word' id='word_1_17' title='bbox 1361 1035 1498 1120; x_wconf 80' lang='lat' dir='ltr'>nostri</span> <span class='ocrx_word' id='word_1_18' title='bbox 1518 1035 1753 1146; x_wconf 72' lang='lat' dir='ltr'><strong>supradicti</strong></span> <span class='ocrx_word' id='word_1_19' title='bbox 1777 1030 1846 1148; x_wconf 81' lang='lat'>(³).</span> <span class='ocrx_word' id='word_1_20' title='bbox 1897 1078 1900 1086; x_wconf 95' lang='lat'>·</span> 
     </span>
    </p>
   </div>
   <div class='ocr_carea' id='block_1_3' title="bbox 278 1263 2106 2787">
    <p class='ocr_par' dir='ltr' id='par_1_3' title="bbox 278 1263 2090 1862">
     <span class='ocr_line' id='line_1_4' title="bbox 511 1263 2077 1414; baseline -0.01 -71"><span class='ocrx_word' id='word_1_21' title='bbox 511 1277 554 1358; x_wconf 82' lang='lat'><strong>(³)</strong></span> <span class='ocrx_word' id='word_1_22' title='bbox 574 1275 627 1342; x_wconf 81' lang='lat' dir='ltr'><strong>Ex</strong></span> <span class='ocrx_word' id='word_1_23' title='bbox 657 1268 865 1356; x_wconf 79' lang='lat' dir='ltr'><strong>tiunsmnpto</strong></span> <span class='ocrx_word' id='word_1_24' title='bbox 903 1265 1106 1357; x_wconf 81' lang='lat' dir='ltr'><strong>Sigismundi</strong></span> <span class='ocrx_word' id='word_1_25' title='bbox 1135 1267 1225 1356; x_wconf 82' lang='lat' dir='ltr'><strong>regis</strong></span> <span class='ocrx_word' id='word_1_26' title='bbox 1252 1267 1288 1334; x_wconf 88' lang='lat' dir='ltr'><strong>in</strong></span> <span class='ocrx_word' id='word_1_27' title='bbox 1316 1288 1383 1352; x_wconf 88' lang='lat' dir='ltr'><strong>quo</strong></span> <span class='ocrx_word' id='word_1_28' title='bbox 1405 1267 1470 1334; x_wconf 85' lang='lat' dir='ltr'><strong>hoc</strong></span> <span class='ocrx_word' id='word_1_29' title='bbox 1497 1265 1707 1414; x_wconf 58' lang='lat' dir='ltr'><strong>privileglium</strong></span> <span class='ocrx_word' id='word_1_30' title='bbox 1735 1265 1881 1334; x_wconf 84' lang='lat' dir='ltr'><strong>Boleslai</strong></span> <span class='ocrx_word' id='word_1_31' title='bbox 1897 1263 2077 1363; x_wconf 63' lang='lat' dir='ltr'><strong>invenitur,</strong></span> 
     </span>
     <span class='ocr_line' id='line_1_5' title="bbox 406 1345 2074 1440; baseline -0.008 -14"><span class='ocrx_word' id='word_1_32' title='bbox 406 1361 503 1426; x_wconf 88' lang='lat' dir='ltr'><strong>finem</strong></span> <span class='ocrx_word' id='word_1_33' title='bbox 530 1359 800 1424; x_wconf 83' lang='lat' dir='ltr'><strong>tantuminnots</strong></span> <span class='ocrx_word' id='word_1_34' title='bbox 829 1355 892 1420; x_wconf 92' lang='lat' dir='ltr'><strong>huo</strong></span> <span class='ocrx_word' id='word_1_35' title='bbox 923 1351 1089 1440; x_wconf 89' lang='lat' dir='ltr'><strong>ponimus.</strong></span> <span class='ocrx_word' id='word_1_36' title='bbox 1126 1349 1182 1418; x_wconf 88' lang='lat' dir='ltr'><strong>Ab</strong></span> <span class='ocrx_word' id='word_1_37' title='bbox 1197 1350 1262 1416; x_wconf 94' lang='lat' dir='ltr'><strong>hoc</strong></span> <span class='ocrx_word' id='word_1_38' title='bbox 1287 1351 1365 1417; x_wconf 86' lang='lat' dir='ltr'><strong>loco</strong></span> <span class='ocrx_word' id='word_1_39' title='bbox 1389 1351 1499 1436; x_wconf 86' lang='lat' dir='ltr'><strong>itaque</strong></span> <span class='ocrx_word' id='word_1_40' title='bbox 1527 1372 1627 1418; x_wconf 87' lang='lat' dir='ltr'><strong>canoa</strong></span> <span class='ocrx_word' id='word_1_41' title='bbox 1653 1351 1721 1416; x_wconf 83' lang='lat' dir='ltr'><strong>cria</strong></span> <span class='ocrx_word' id='word_1_42' title='bbox 1749 1345 1848 1438; x_wconf 84' lang='lat' dir='ltr'><strong>Regis</strong></span> <span class='ocrx_word' id='word_1_43' title='bbox 1872 1347 2074 1438; x_wconf 88' lang='lat' dir='ltr'><strong>Sigismundi</strong></span> 
     </span>
     <span class='ocr_line' id='line_1_6' title="bbox 407 1433 2078 1530; baseline -0.008 -21"><span class='ocrx_word' id='word_1_44' title='bbox 407 1441 534 1511; x_wconf 80' lang='lat' dir='ltr'><strong>scribit:</strong></span> <span class='ocrx_word' id='word_1_45' title='bbox 560 1439 713 1526; x_wconf 54' lang='lat' dir='ltr'><strong>,Quibus</strong></span> <span class='ocrx_word' id='word_1_46' title='bbox 729 1439 862 1525; x_wconf 86' lang='lat' dir='ltr'><strong>quidem</strong></span> <span class='ocrx_word' id='word_1_47' title='bbox 877 1434 1182 1522; x_wconf 87' lang='lat' dir='ltr'><strong>supplicacionibus</strong></span> <span class='ocrx_word' id='word_1_48' title='bbox 1203 1445 1360 1518; x_wconf 69' lang='lat' dir='ltr'><strong>tanquam</strong></span> <span class='ocrx_word' id='word_1_49' title='bbox 1385 1437 1484 1530; x_wconf 75' lang='lat' dir='ltr'><strong>justis</strong></span> <span class='ocrx_word' id='word_1_50' title='bbox 1508 1444 1541 1500; x_wconf 91' lang='lat' dir='ltr'><strong>et</strong></span> <span class='ocrx_word' id='word_1_51' title='bbox 1555 1435 1683 1500; x_wconf 85' lang='lat' dir='ltr'><strong>racioni</strong></span> <span class='ocrx_word' id='word_1_52' title='bbox 1699 1434 1858 1500; x_wconf 80' lang='lat' dir='ltr'><strong>consonis</strong></span> <span class='ocrx_word' id='word_1_53' title='bbox 1886 1433 1964 1500; x_wconf 89' lang='lat' dir='ltr'><strong>beni</strong></span> <span class='ocrx_word' id='word_1_54' title='bbox 1991 1433 2078 1500; x_wconf 87' lang='lat' dir='ltr'><strong>niter</strong></span> 
     </span>
     <span class='ocr_line' id='line_1_7' title="bbox 406 1455 2074 1624; baseline -0.007 -30"><span class='ocrx_word' id='word_1_55' title='bbox 406 1535 600 1610; x_wconf 79' lang='lat' dir='ltr'><strong>annuentes,</strong></span> <span class='ocrx_word' id='word_1_56' title='bbox 616 1525 793 1624; x_wconf 79' lang='lat' dir='ltr'><strong>priuilegia</strong></span> <span class='ocrx_word' id='word_1_57' title='bbox 808 1533 842 1589; x_wconf 91' lang='lat' dir='ltr'><strong>et</strong></span> <span class='ocrx_word' id='word_1_58' title='bbox 855 1522 968 1587; x_wconf 80' lang='lat' dir='ltr'><strong>literas</strong></span> <span class='ocrx_word' id='word_1_59' title='bbox 982 1519 1189 1605; x_wconf 84' lang='lat' dir='ltr'><strong>preinsertas</strong></span> <span class='ocrx_word' id='word_1_60' title='bbox 1203 1519 1238 1583; x_wconf 93' lang='lat' dir='ltr'><strong>in</strong></span> <span class='ocrx_word' id='word_1_61' title='bbox 1254 1519 1405 1585; x_wconf 78' lang='lat' dir='ltr'><strong>omnibns</strong></span> <span class='ocrx_word' id='word_1_62' title='bbox 1421 1538 1532 1584; x_wconf 87' lang='lat' dir='ltr'><strong>sarum</strong></span> <span class='ocrx_word' id='word_1_63' title='bbox 1545 1521 1679 1604; x_wconf 86' lang='lat' dir='ltr'><strong>punctis</strong></span> <span class='ocrx_word' id='word_1_64' title='bbox 1702 1517 1869 1600; x_wconf 80' lang='lat' dir='ltr'><strong>cleusulis,</strong></span> <span class='ocrx_word' id='word_1_65' title='bbox 1897 1455 2074 1584; x_wconf 60' lang='lat' dir='ltr'><strong>condicio*</strong></span> 
     </span>
     <span class='ocr_line' id='line_1_8' title="bbox 407 1601 2090 1696; baseline -0.007 -18"><span class='ocrx_word' id='word_1_66' title='bbox 407 1612 504 1679; x_wconf 90' lang='lat' dir='ltr'><strong>nibus</strong></span> <span class='ocrx_word' id='word_1_67' title='bbox 520 1619 553 1678; x_wconf 89' lang='lat' dir='ltr'><strong>et</strong></span> <span class='ocrx_word' id='word_1_68' title='bbox 569 1609 715 1676; x_wconf 78' lang='lat' dir='ltr'><strong>articulis</strong></span> <span class='ocrx_word' id='word_1_69' title='bbox 731 1617 821 1674; x_wconf 81' lang='lat' dir='ltr'><strong>rates</strong></span> <span class='ocrx_word' id='word_1_70' title='bbox 837 1614 871 1672; x_wconf 87' lang='lat' dir='ltr'><strong>et</strong></span> <span class='ocrx_word' id='word_1_71' title='bbox 883 1613 995 1692; x_wconf 76' lang='lat' dir='ltr'><strong>gratas</strong></span> <span class='ocrx_word' id='word_1_72' title='bbox 1010 1603 1182 1686; x_wconf 82' lang='lat' dir='ltr'><strong>hebentes,</strong></span> <span class='ocrx_word' id='word_1_73' title='bbox 1200 1603 1240 1668; x_wconf 86' lang='lat' dir='ltr'><strong>de</strong></span> <span class='ocrx_word' id='word_1_74' title='bbox 1257 1612 1350 1670; x_wconf 78' lang='lat' dir='ltr'><strong>certe</strong></span> <span class='ocrx_word' id='word_1_75' title='bbox 1365 1603 1529 1696; x_wconf 20' lang='lat' dir='ltr'><strong>‘sciencie</strong></span> <span class='ocrx_word' id='word_1_76' title='bbox 1543 1614 1576 1668; x_wconf 91' lang='lat' dir='ltr'><strong>et</strong></span> <span class='ocrx_word' id='word_1_77' title='bbox 1589 1603 1788 1670; x_wconf 70' lang='lat' dir='ltr'><strong>liberalitate</strong></span> <span class='ocrx_word' id='word_1_78' title='bbox 1817 1603 1942 1670; x_wconf 88' lang='lat' dir='ltr'><strong>nostris</strong></span> <span class='ocrx_word' id='word_1_79' title='bbox 1970 1601 2090 1690; x_wconf 25' lang='lat' dir='ltr'><strong>regijs·</strong></span> 
     </span>
     <span class='ocr_line' id='line_1_9' title="bbox 406 1683 2077 1774; baseline -0.006 -14"><span class='ocrx_word' id='word_1_80' title='bbox 406 1719 444 1762; x_wconf 89' lang='lat' dir='ltr'><strong>sc</strong></span> <span class='ocrx_word' id='word_1_81' title='bbox 460 1695 725 1761; x_wconf 84' lang='lat' dir='ltr'><strong>consiliariorum</strong></span> <span class='ocrx_word' id='word_1_82' title='bbox 741 1699 931 1756; x_wconf 85' lang='lat' dir='ltr'><strong>nostrorum</strong></span> <span class='ocrx_word' id='word_1_83' title='bbox 948 1686 1088 1754; x_wconf 89' lang='lat' dir='ltr'><strong>consilio</strong></span> <span class='ocrx_word' id='word_1_84' title='bbox 1103 1686 1320 1770; x_wconf 83' lang='lat' dir='ltr'><strong>innovandas,</strong></span> <span class='ocrx_word' id='word_1_85' title='bbox 1351 1685 1583 1774; x_wconf 80' lang='lat' dir='ltr'><strong>approbandas</strong></span> <span class='ocrx_word' id='word_1_86' title='bbox 1599 1687 1810 1754; x_wconf 82' lang='lat' dir='ltr'><strong>ratificandes</strong></span> <span class='ocrx_word' id='word_1_87' title='bbox 1827 1695 1860 1752; x_wconf 88' lang='lat' dir='ltr'><strong>et</strong></span> <span class='ocrx_word' id='word_1_88' title='bbox 1876 1683 2077 1770; x_wconf 53' lang='lat' dir='ltr'><strong>condimen?</strong></span> 
     </span>
     <span class='ocr_line' id='line_1_10' title="bbox 278 1769 2075 1862; baseline -0.007 -16"><span class='ocrx_word' id='word_1_89' title='bbox 278 1809 283 1818; x_wconf 93' lang='lat'><em>·</em></span> <span class='ocrx_word' id='word_1_90' title='bbox 407 1779 466 1846; x_wconf 87' lang='lat' dir='ltr'><strong>dns</strong></span> <span class='ocrx_word' id='word_1_91' title='bbox 482 1779 644 1862; x_wconf 83' lang='lat' dir='ltr'><strong>duximus,</strong></span> <span class='ocrx_word' id='word_1_92' title='bbox 660 1779 695 1842; x_wconf 94' lang='lat' dir='ltr'><strong>in</strong></span> <span class='ocrx_word' id='word_1_93' title='bbox 709 1773 774 1861; x_wconf 91' lang='lat' dir='ltr'><strong>hijs</strong></span> <span class='ocrx_word' id='word_1_94' title='bbox 789 1771 975 1861; x_wconf 86' lang='lat' dir='ltr'><strong>presertim,</strong></span> <span class='ocrx_word' id='word_1_95' title='bbox 990 1773 1026 1838; x_wconf 88' lang='lat' dir='ltr'><strong>in</strong></span> <span class='ocrx_word' id='word_1_96' title='bbox 1042 1791 1184 1855; x_wconf 88' lang='lat' dir='ltr'><strong>quorum</strong></span> <span class='ocrx_word' id='word_1_97' title='bbox 1211 1773 1428 1858; x_wconf 81' lang='lat' dir='ltr'><strong>possessione</strong></span> <span class='ocrx_word' id='word_1_98' title='bbox 1455 1781 1488 1837; x_wconf 94' lang='lat' dir='ltr'><strong>et</strong></span> <span class='ocrx_word' id='word_1_99' title='bbox 1502 1772 1674 1837; x_wconf 77' lang='lat' dir='ltr'><strong>usufructu</strong></span> <span class='ocrx_word' id='word_1_100' title='bbox 1705 1772 1854 1858; x_wconf 80' lang='lat' dir='ltr'><strong>prefatus</strong></span> <span class='ocrx_word' id='word_1_101' title='bbox 1883 1793 1942 1856; x_wconf 88' lang='lat' dir='ltr'><strong>pre</strong></span> <span class='ocrx_word' id='word_1_102' title='bbox 1968 1769 2075 1839; x_wconf 82' lang='lat' dir='ltr'><strong>ositos</strong></span> 
     </span>
    </p>

    <p class='ocr_par' dir='ltr' id='par_1_4' title="bbox 405 1791 2106 2787">
     <span class='ocr_line' id='line_1_11' title="bbox 407 1791 2071 1941; baseline -0.007 -11"><span class='ocrx_word' id='word_1_103' title='bbox 407 1886 480 1930; x_wconf 84' lang='lat' dir='ltr'><strong>sein</strong></span> <span class='ocrx_word' id='word_1_104' title='bbox 495 1885 556 1930; x_wconf 88' lang='lat' dir='ltr'><strong>suo</strong></span> <span class='ocrx_word' id='word_1_105' title='bbox 572 1869 739 1928; x_wconf 84' lang='lat' dir='ltr'><strong>conventu</strong></span> <span class='ocrx_word' id='word_1_106' title='bbox 753 1859 789 1928; x_wconf 92' lang='lat' dir='ltr'><strong>in</strong></span> <span class='ocrx_word' id='word_1_107' title='bbox 801 1859 962 1926; x_wconf 83' lang='lat' dir='ltr'><strong>haetenus</strong></span> <span class='ocrx_word' id='word_1_108' title='bbox 990 1857 1124 1924; x_wconf 78' lang='lat' dir='ltr'><strong>bierunt</strong></span> <span class='ocrx_word' id='word_1_109' title='bbox 1141 1864 1176 1922; x_wconf 92' lang='lat' dir='ltr'><strong>et</strong></span> <span class='ocrx_word' id='word_1_110' title='bbox 1191 1855 1324 1923; x_wconf 75' lang='lat' dir='ltr'><strong>realiter</strong></span> <span class='ocrx_word' id='word_1_111' title='bbox 1353 1857 1509 1925; x_wconf 79' lang='lat' dir='ltr'><strong>esistunt</strong></span> <span class='ocrx_word' id='word_1_112' title='bbox 1532 1856 1811 1938; x_wconf 80' lang='lat' dir='ltr'><strong>innovamusque,</strong></span> <span class='ocrx_word' id='word_1_113' title='bbox 1837 1791 2071 1941; x_wconf 74' lang='lat' dir='ltr'><strong>approbemus,</strong></span> 
     </span>
     <span class='ocr_line' id='line_1_12' title="bbox 407 1935 2074 2030; baseline -0.007 -18"><span class='ocrx_word' id='word_1_114' title='bbox 407 1945 604 2018; x_wconf 78' lang='lat' dir='ltr'><strong>ratificamus</strong></span> <span class='ocrx_word' id='word_1_115' title='bbox 620 1955 654 2012; x_wconf 91' lang='lat' dir='ltr'><strong>et</strong></span> <span class='ocrx_word' id='word_1_116' title='bbox 668 1945 899 2018; x_wconf 76' lang='lat' dir='ltr'><strong>confirmamus</strong></span> <span class='ocrx_word' id='word_1_117' title='bbox 913 1939 1137 2030; x_wconf 83' lang='lat' dir='ltr'><strong>presentibus,</strong></span> <span class='ocrx_word' id='word_1_118' title='bbox 1167 1939 1386 2024; x_wconf 84' lang='lat' dir='ltr'><strong>decernentes</strong></span> <span class='ocrx_word' id='word_1_119' title='bbox 1405 1940 1570 2022; x_wconf 89' lang='lat' dir='ltr'><strong>ejusmodi</strong></span> <span class='ocrx_word' id='word_1_120' title='bbox 1595 1939 1694 2028; x_wconf 88' lang='lat' dir='ltr'><strong>priuil</strong></span> <span class='ocrx_word' id='word_1_121' title='bbox 1740 1941 1772 2003; x_wconf 89' lang='lat' dir='ltr'><strong>ia</strong></span> <span class='ocrx_word' id='word_1_122' title='bbox 1786 1951 1820 2006; x_wconf 89' lang='lat' dir='ltr'><strong>et</strong></span> <span class='ocrx_word' id='word_1_123' title='bbox 1833 1939 1947 2006; x_wconf 86' lang='lat' dir='ltr'><strong>literas</strong></span> <span class='ocrx_word' id='word_1_124' title='bbox 1973 1935 2074 2002; x_wconf 90' lang='lat' dir='ltr'><strong>robur</strong></span> 
     </span>
     <span class='ocr_line' id='line_1_13' title="bbox 431 2021 2072 2114; baseline -0.007 -18"><span class='ocrx_word' id='word_1_125' title='bbox 431 2041 569 2114; x_wconf 89' lang='lat' dir='ltr'><strong>erpetuo</strong></span> <span class='ocrx_word' id='word_1_126' title='bbox 589 2029 751 2096; x_wconf 83' lang='lat' dir='ltr'><strong>firmitatis</strong></span> <span class='ocrx_word' id='word_1_127' title='bbox 769 2025 931 2102; x_wconf 87' lang='lat' dir='ltr'><strong>obtinere,</strong></span> <span class='ocrx_word' id='word_1_128' title='bbox 949 2025 1073 2090; x_wconf 87' lang='lat' dir='ltr'><strong>&#39;uribus</strong></span> <span class='ocrx_word' id='word_1_129' title='bbox 1088 2033 1198 2111; x_wconf 82' lang='lat' dir='ltr'><strong>tamen</strong></span> <span class='ocrx_word' id='word_1_130' title='bbox 1212 2023 1338 2092; x_wconf 83' lang='lat' dir='ltr'><strong>nostris</strong></span> <span class='ocrx_word' id='word_1_131' title='bbox 1349 2023 1518 2111; x_wconf 76' lang='lat' dir='ltr'><strong>regalibus</strong></span> <span class='ocrx_word' id='word_1_132' title='bbox 1535 2031 1666 2110; x_wconf 85' lang='lat' dir='ltr'><strong>semper</strong></span> <span class='ocrx_word' id='word_1_133' title='bbox 1682 2049 1697 2090; x_wconf 92' lang='lat' dir='ltr'><strong>s</strong></span> <span class='ocrx_word' id='word_1_134' title='bbox 1733 2026 1782 2089; x_wconf 88' lang='lat' dir='ltr'><strong>uis</strong></span> <span class='ocrx_word' id='word_1_135' title='bbox 1796 2021 2072 2110; x_wconf 67' lang='lat' dir='ltr'><strong>pap-manentibus.</strong></span> 
     </span>
     <span class='ocr_line' id='line_1_14' title="bbox 406 2049 2074 2214; baseline -0.004 -34"><span class='ocrx_word' id='word_1_136' title='bbox 406 2053 554 2214; x_wconf 58' lang='lat' dir='ltr'><strong>insutus</strong></span> <span class='ocrx_word' id='word_1_137' title='bbox 568 2115 617 2179; x_wconf 92' lang='lat' dir='ltr'><strong>rei</strong></span> <span class='ocrx_word' id='word_1_138' title='bbox 631 2112 856 2180; x_wconf 86' lang='lat' dir='ltr'><strong>testimonium</strong></span> <span class='ocrx_word' id='word_1_139' title='bbox 873 2112 903 2178; x_wconf 87' lang='lat' dir='ltr'><strong>si</strong></span> <span class='ocrx_word' id='word_1_140' title='bbox 922 2049 1018 2174; x_wconf 62' lang='lat' dir='ltr'><strong>&#39;ilum</strong></span> <span class='ocrx_word' id='word_1_141' title='bbox 1039 2117 1189 2177; x_wconf 84' lang='lat' dir='ltr'><strong>nostrum</strong></span> <span class='ocrx_word' id='word_1_142' title='bbox 1218 2108 1432 2194; x_wconf 83' lang='lat' dir='ltr'><strong>presentibus</strong></span> <span class='ocrx_word' id='word_1_143' title='bbox 1447 2119 1499 2175; x_wconf 86' lang='lat' dir='ltr'><strong>est</strong></span> <span class='ocrx_word' id='word_1_144' title='bbox 1515 2109 1771 2194; x_wconf 83' lang='lat' dir='ltr'><strong>subappensum.</strong></span> <span class='ocrx_word' id='word_1_145' title='bbox 1807 2109 1931 2176; x_wconf 84' lang='lat' dir='ltr'><strong>Actum</strong></span> <span class='ocrx_word' id='word_1_146' title='bbox 1946 2105 2074 2210; x_wconf 53' lang='lat' dir='ltr'><strong>(liquos</strong></span> 
     </span>
     <span class='ocr_line' id='line_1_15' title="bbox 405 2191 2073 2279; baseline -0.007 -13"><span class='ocrx_word' id='word_1_147' title='bbox 405 2200 459 2266; x_wconf 88' lang='lat' dir='ltr'><strong>uie</strong></span> <span class='ocrx_word' id='word_1_148' title='bbox 475 2198 528 2264; x_wconf 90' lang='lat' dir='ltr'><strong>die</strong></span> <span class='ocrx_word' id='word_1_149' title='bbox 544 2197 712 2264; x_wconf 88' lang='lat' dir='ltr'><strong>dominico</strong></span> <span class='ocrx_word' id='word_1_150' title='bbox 728 2197 807 2262; x_wconf 80' lang='lat' dir='ltr'><strong>testi</strong></span> <span class='ocrx_word' id='word_1_151' title='bbox 822 2195 1029 2262; x_wconf 73' lang='lat' dir='ltr'><strong>sanctissime</strong></span> <span class='ocrx_word' id='word_1_152' title='bbox 1046 2202 1080 2258; x_wconf 89' lang='lat' dir='ltr'><strong>et</strong></span> <span class='ocrx_word' id='word_1_153' title='bbox 1093 2191 1263 2262; x_wconf 79' lang='lat' dir='ltr'><strong>indiuiduo</strong></span> <span class='ocrx_word' id='word_1_154' title='bbox 1279 2191 1448 2276; x_wconf 80' lang='lat' dir='ltr'><strong>trinitatis,</strong></span> <span class='ocrx_word' id='word_1_155' title='bbox 1464 2215 1551 2279; x_wconf 77' lang='lat' dir='ltr'><strong>auno</strong></span> <span class='ocrx_word' id='word_1_156' title='bbox 1568 2193 1694 2258; x_wconf 90' lang='lat' dir='ltr'><strong>domini</strong></span> <span class='ocrx_word' id='word_1_157' title='bbox 1706 2191 1879 2258; x_wconf 87' lang='lat' dir='ltr'><strong>millesimo</strong></span> <span class='ocrx_word' id='word_1_158' title='bbox 1909 2191 2073 2276; x_wconf 87' lang='lat' dir='ltr'><strong>quingen·</strong></span> 
     </span>
     <span class='ocr_line' id='line_1_16' title="bbox 406 2270 2106 2368; baseline -0.006 -20"><span class='ocrx_word' id='word_1_159' title='bbox 406 2282 524 2348; x_wconf 91' lang='lat' dir='ltr'><strong>tesimo</strong></span> <span class='ocrx_word' id='word_1_160' title='bbox 558 2281 698 2347; x_wconf 90' lang='lat' dir='ltr'><strong>decimo.</strong></span> <span class='ocrx_word' id='word_1_161' title='bbox 744 2275 849 2368; x_wconf 80' lang='lat' dir='ltr'><strong>Regni</strong></span> <span class='ocrx_word' id='word_1_162' title='bbox 876 2301 957 2346; x_wconf 82' lang='lat' dir='ltr'><strong>vero</strong></span> <span class='ocrx_word' id='word_1_163' title='bbox 985 2278 1093 2344; x_wconf 88' lang='lat' dir='ltr'><strong>nostri</strong></span> <span class='ocrx_word' id='word_1_164' title='bbox 1115 2299 1203 2342; x_wconf 86' lang='lat' dir='ltr'><strong>anno</strong></span> <span class='ocrx_word' id='word_1_165' title='bbox 1233 2285 1362 2360; x_wconf 87' lang='lat' dir='ltr'><strong>quarto.</strong></span> <span class='ocrx_word' id='word_1_166' title='bbox 1408 2275 1621 2344; x_wconf 88' lang='lat' dir='ltr'><strong>Presentibns</strong></span> <span class='ocrx_word' id='word_1_167' title='bbox 1650 2275 1843 2342; x_wconf 89' lang='lat' dir='ltr'><strong>reuerendis</strong></span> <span class='ocrx_word' id='word_1_168' title='bbox 1872 2273 1907 2339; x_wconf 90' lang='lat' dir='ltr'><strong>in</strong></span> <span class='ocrx_word' id='word_1_169' title='bbox 1936 2270 2073 2342; x_wconf 88' lang='lat' dir='ltr'><strong>Christo</strong></span> <span class='ocrx_word' id='word_1_170' title='bbox 2100 2279 2106 2288; x_wconf 96' lang='grc'><strong>’</strong></span> 
     </span>
     <span class='ocr_line' id='line_1_17' title="bbox 406 2357 2074 2452; baseline -0.006 -20"><span class='ocrx_word' id='word_1_171' title='bbox 406 2365 556 2452; x_wconf 85' lang='lat' dir='ltr'><strong>patribus</strong></span> <span class='ocrx_word' id='word_1_172' title='bbox 574 2365 716 2430; x_wconf 87' lang='lat' dir='ltr'><strong>dominis</strong></span> <span class='ocrx_word' id='word_1_173' title='bbox 731 2365 862 2432; x_wconf 83' lang='lat' dir='ltr'><strong>Jocnne</strong></span> <span class='ocrx_word' id='word_1_174' title='bbox 878 2363 984 2429; x_wconf 88' lang='lat' dir='ltr'><strong>electo</strong></span> <span class='ocrx_word' id='word_1_175' title='bbox 1001 2372 1035 2428; x_wconf 91' lang='lat' dir='ltr'><strong>et</strong></span> <span class='ocrx_word' id='word_1_176' title='bbox 1050 2361 1246 2445; x_wconf 76' lang='lat' dir='ltr'><strong>confirmato</strong></span> <span class='ocrx_word' id='word_1_177' title='bbox 1276 2359 1418 2427; x_wconf 89' lang='lat' dir='ltr'><strong>ecclesie</strong></span> <span class='ocrx_word' id='word_1_178' title='bbox 1448 2361 1645 2448; x_wconf 83' lang='lat' dir='ltr'><strong>gnesnensis</strong></span> <span class='ocrx_word' id='word_1_179' title='bbox 1661 2369 1695 2426; x_wconf 90' lang='lat' dir='ltr'><strong>et</strong></span> <span class='ocrx_word' id='word_1_180' title='bbox 1710 2359 1921 2435; x_wconf 78' lang='lat' dir='ltr'><strong>cancellario,</strong></span> <span class='ocrx_word' id='word_1_181' title='bbox 1943 2357 2074 2423; x_wconf 79' lang='lat' dir='ltr'><strong>Joanne</strong></span> 
     </span>
     <span class='ocr_line' id='line_1_18' title="bbox 408 2442 2074 2547; baseline -0.007 -27"><span class='ocrx_word' id='word_1_182' title='bbox 408 2449 644 2532; x_wconf 80' lang='lat' dir='ltr'><strong>oraoouiensis,</strong></span> <span class='ocrx_word' id='word_1_183' title='bbox 669 2445 798 2516; x_wconf 83' lang='lat' dir='ltr'><strong>Mathia</strong></span> <span class='ocrx_word' id='word_1_184' title='bbox 824 2447 1064 2547; x_wconf 86' lang='lat' dir='ltr'><strong>premisliensis</strong></span> <span class='ocrx_word' id='word_1_185' title='bbox 1093 2445 1310 2514; x_wconf 79' lang='lat' dir='ltr'><strong>ecclesicmm</strong></span> <span class='ocrx_word' id='word_1_186' title='bbox 1328 2447 1499 2530; x_wconf 82' lang='lat' dir='ltr'><strong>episeopis</strong></span> <span class='ocrx_word' id='word_1_187' title='bbox 1522 2453 1556 2510; x_wconf 92' lang='lat' dir='ltr'><strong>et</strong></span> <span class='ocrx_word' id='word_1_188' title='bbox 1571 2443 1849 2536; x_wconf 68' lang='lat' dir='ltr'><strong>sicecancslliirio</strong></span> <span class='ocrx_word' id='word_1_189' title='bbox 1873 2442 1981 2530; x_wconf 83' lang='lat' dir='ltr'><strong>Regni</strong></span> <span class='ocrx_word' id='word_1_190' title='bbox 2009 2464 2074 2514; x_wconf 63' lang='lat' dir='ltr'><strong>iio·⁴</strong></span> 
     </span>
     <span class='ocr_line' id='line_1_19' title="bbox 409 2525 2075 2619; baseline -0.007 -17"><span class='ocrx_word' id='word_1_191' title='bbox 409 2535 481 2616; x_wconf 83' lang='lat' dir='ltr'><strong>stri,</strong></span> <span class='ocrx_word' id='word_1_192' title='bbox 497 2556 559 2600; x_wconf 91' lang='lat' dir='ltr'><strong>nee</strong></span> <span class='ocrx_word' id='word_1_193' title='bbox 586 2541 654 2598; x_wconf 90' lang='lat' dir='ltr'><strong>iioii</strong></span> <span class='ocrx_word' id='word_1_194' title='bbox 668 2531 867 2619; x_wconf 78' lang='lat' dir='ltr'><strong>Magnificis,</strong></span> <span class='ocrx_word' id='word_1_195' title='bbox 883 2530 1129 2608; x_wconf 83' lang='lat' dir='ltr'><strong>venerabilibus</strong></span> <span class='ocrx_word' id='word_1_196' title='bbox 1143 2539 1177 2595; x_wconf 89' lang='lat' dir='ltr'><strong>et</strong></span> <span class='ocrx_word' id='word_1_197' title='bbox 1192 2529 1366 2618; x_wconf 82' lang='lat' dir='ltr'><strong>generosis</strong></span> <span class='ocrx_word' id='word_1_198' title='bbox 1392 2529 1530 2597; x_wconf 85' lang='lat' dir='ltr'><strong>Nicolao</strong></span> <span class='ocrx_word' id='word_1_199' title='bbox 1555 2529 1596 2595; x_wconf 87' lang='lat' dir='ltr'><strong>de</strong></span> <span class='ocrx_word' id='word_1_200' title='bbox 1611 2527 1844 2616; x_wconf 83' lang='lat' dir='ltr'><strong>Csmyenyeoz</strong></span> <span class='ocrx_word' id='word_1_201' title='bbox 1873 2525 2018 2614; x_wconf 83' lang='lat' dir='ltr'><strong>palatino</strong></span> <span class='ocrx_word' id='word_1_202' title='bbox 2037 2533 2075 2592; x_wconf 84' lang='lat' dir='ltr'><strong>&#39;et</strong></span> 
     </span>
     <span class='ocr_line' id='line_1_20' title="bbox 406 2607 2072 2787; baseline -0.003 -22"><span class='ocrx_word' id='word_1_203' title='bbox 406 2607 2072 2787; x_wconf 55' lang='lat' dir='ltr'><strong>ttttttitttttttitttslbttitttt‘ffittiitttlttrittilblttdittilt</strong></span> 
     </span>
    </p>

    <p class='ocr_par' dir='ltr' id='par_1_5' title="bbox 1212 2737 1838 2782">
     <span class='ocr_line' id='line_1_21' title="bbox 1212 2737 1838 2782; baseline -0.011 0"><span class='ocrx_word' id='word_1_204' title='bbox 1212 2748 1222 2782; x_wconf 81' lang='lat'>5</span> <span class='ocrx_word' id='word_1_205' title='bbox 1246 2737 1251 2764; x_wconf 79' lang='lat'>&#39;</span> <span class='ocrx_word' id='word_1_206' title='bbox 1829 2747 1838 2775; x_wconf 79' lang='lat' dir='ltr'><strong>t</strong></span> 
     </span>
    </p>
   </div>
   <div class='ocr_carea' id='block_1_4' title="bbox 318 2778 2075 2883">
    <p class='ocr_par' dir='ltr' id='par_1_6' title="bbox 318 2778 2075 2883">
     <span class='ocr_line' id='line_1_22' title="bbox 318 2778 2075 2883; baseline -0.006 -28"><span class='ocrx_word' id='word_1_207' title='bbox 318 2791 322 2798; x_wconf 82' lang='lat'>&#39;</span> <span class='ocrx_word' id='word_1_208' title='bbox 407 2785 631 2874; x_wconf 81' lang='lat' dir='ltr'><strong>Cosozyslecz</strong></span> <span class='ocrx_word' id='word_1_209' title='bbox 661 2785 868 2852; x_wconf 78' lang='lat' dir='ltr'><strong>thesaurario</strong></span> <span class='ocrx_word' id='word_1_210' title='bbox 897 2783 1001 2883; x_wconf 79' lang='lat' dir='ltr'><strong>Regni</strong></span> <span class='ocrx_word' id='word_1_211' title='bbox 1026 2785 1135 2854; x_wconf 87' lang='lat' dir='ltr'><strong>nostri</strong></span> <span class='ocrx_word' id='word_1_212' title='bbox 1149 2781 1367 2868; x_wconf 87' lang='lat' dir='ltr'><strong>Soepusiensi</strong></span> <span class='ocrx_word' id='word_1_213' title='bbox 1395 2781 1670 2868; x_wconf 80' lang='lat' dir='ltr'><strong>Ossvyeoimensi</strong></span> <span class='ocrx_word' id='word_1_214' title='bbox 1690 2778 2028 2857; x_wconf 79' lang='lat' dir='ltr'><strong>Juniwludislauiensi</strong></span> <span class='ocrx_word' id='word_1_215' title='bbox 2042 2787 2075 2844; x_wconf 89' lang='lat' dir='ltr'><strong>et</strong></span> 
     </span>
    </p>
   </div>
   <div class='ocr_carea' id='block_1_5' title="bbox 294 2863 2072 2972">
    <p class='ocr_par' dir='ltr' id='par_1_7' title="bbox 294 2863 2072 2972">
     <span class='ocr_line' id='line_1_23' title="bbox 294 2863 2072 2972; baseline -0.005 -37"><span class='ocrx_word' id='word_1_216' title='bbox 294 2901 299 2915; x_wconf 85' lang='lat'><strong>·</strong></span> <span class='ocrx_word' id='word_1_217' title='bbox 407 2869 637 2958; x_wconf 87' lang='lat' dir='ltr'><strong>Bidgostiensi</strong></span> <span class='ocrx_word' id='word_1_218' title='bbox 651 2871 838 2972; x_wconf 70' lang='lat' dir='ltr'><strong>capitaneo,</strong></span> <span class='ocrx_word' id='word_1_219' title='bbox 854 2889 1080 2968; x_wconf 79' lang='lat' dir='ltr'><strong>supparioque</strong></span> <span class='ocrx_word' id='word_1_220' title='bbox 1096 2891 1135 2932; x_wconf 89' lang='lat' dir='ltr'><strong>ac</strong></span> <span class='ocrx_word' id='word_1_221' title='bbox 1151 2875 1370 2966; x_wconf 78' lang='lat' dir='ltr'><strong>procuratore</strong></span> <span class='ocrx_word' id='word_1_222' title='bbox 1399 2865 1547 2953; x_wconf 83' lang='lat' dir='ltr'><strong>generali</strong></span> <span class='ocrx_word' id='word_1_223' title='bbox 1561 2875 1678 2932; x_wconf 90' lang='lat' dir='ltr'><strong>nostro</strong></span> <span class='ocrx_word' id='word_1_224' title='bbox 1696 2865 1916 2946; x_wconf 88' lang='lat' dir='ltr'><strong>craocuiensi,</strong></span> <span class='ocrx_word' id='word_1_225' title='bbox 1942 2863 2072 2932; x_wconf 83' lang='lat' dir='ltr'><strong>Joanne</strong></span> 
     </span>
    </p>
   </div>
   <div class='ocr_carea' id='block_1_6' title="bbox 309 2945 2203 3724">
    <p class='ocr_par' dir='ltr' id='par_1_8' title="bbox 309 2945 2203 3724">
     <span class='ocr_line' id='line_1_24' title="bbox 407 2945 2069 3040; baseline -0.005 -22"><span class='ocrx_word' id='word_1_226' title='bbox 407 2953 556 3021; x_wconf 78' lang='lat' dir='ltr'><strong>Laiauki</strong></span> <span class='ocrx_word' id='word_1_227' title='bbox 577 2975 787 3040; x_wconf 78' lang='lat' dir='ltr'><strong>gnesnensis,</strong></span> <span class='ocrx_word' id='word_1_228' title='bbox 810 2975 1036 3020; x_wconf 89' lang='lat' dir='ltr'><strong>oraoouiensis</strong></span> <span class='ocrx_word' id='word_1_229' title='bbox 1052 2961 1086 3019; x_wconf 91' lang='lat' dir='ltr'><strong>et</strong></span> <span class='ocrx_word' id='word_1_230' title='bbox 1099 2951 1311 3017; x_wconf 84' lang='lat' dir='ltr'><strong>lanciciensis</strong></span> <span class='ocrx_word' id='word_1_231' title='bbox 1326 2949 1542 3016; x_wconf 87' lang='lat' dir='ltr'><strong>ecclesiarum</strong></span> <span class='ocrx_word' id='word_1_232' title='bbox 1556 2951 1744 3036; x_wconf 87' lang='lat' dir='ltr'><strong>preposito,</strong></span> <span class='ocrx_word' id='word_1_233' title='bbox 1758 2949 1793 3015; x_wconf 87' lang='lat' dir='ltr'><strong>Si</strong></span> <span class='ocrx_word' id='word_1_234' title='bbox 1821 2948 1829 2964; x_wconf 88' lang='lat'>&#39;</span> <span class='ocrx_word' id='word_1_235' title='bbox 1849 2947 1971 3014; x_wconf 89' lang='lat' dir='ltr'><strong>mundo</strong></span> <span class='ocrx_word' id='word_1_236' title='bbox 1985 2945 2069 3012; x_wconf 80' lang='lat' dir='ltr'><strong>Tar·</strong></span> 
     </span>
     <span class='ocr_line' id='line_1_25' title="bbox 407 3031 2127 3124; baseline -0.007 -21"><span class='ocrx_word' id='word_1_237' title='bbox 407 3037 574 3124; x_wconf 79' lang='lat' dir='ltr'><strong>gonioekij</strong></span> <span class='ocrx_word' id='word_1_238' title='bbox 590 3037 800 3105; x_wconf 87' lang='lat' dir='ltr'><strong>decretomm</strong></span> <span class='ocrx_word' id='word_1_239' title='bbox 817 3037 956 3109; x_wconf 87' lang='lat' dir='ltr'><strong>doctore</strong></span> <span class='ocrx_word' id='word_1_240' title='bbox 973 3037 1124 3120; x_wconf 87' lang='lat' dir='ltr'><strong>custode,</strong></span> <span class='ocrx_word' id='word_1_241' title='bbox 1139 3035 1273 3104; x_wconf 68' lang='lat' dir='ltr'><strong>Joenne,</strong></span> <span class='ocrx_word' id='word_1_242' title='bbox 1284 3033 1509 3106; x_wconf 76' lang='lat' dir='ltr'><strong>Karnliowslii</strong></span> <span class='ocrx_word' id='word_1_243' title='bbox 1524 3033 1704 3102; x_wconf 87' lang='lat' dir='ltr'><strong>scolastico</strong></span> <span class='ocrx_word' id='word_1_244' title='bbox 1721 3055 1780 3101; x_wconf 82' lang='lat' dir='ltr'><strong>san</strong></span> <span class='ocrx_word' id='word_1_245' title='bbox 1805 3031 1984 3110; x_wconf 81' lang='lat' dir='ltr'><strong>omiriensi,</strong></span> <span class='ocrx_word' id='word_1_246' title='bbox 2012 3049 2068 3095; x_wconf 86' lang='lat' dir='ltr'><strong>ce·</strong></span> <span class='ocrx_word' id='word_1_247' title='bbox 2125 3087 2127 3090; x_wconf 86' lang='lat'>.</span> 
     </span>
     <span class='ocr_line' id='line_1_26' title="bbox 404 3113 2073 3206; baseline -0.005 -20"><span class='ocrx_word' id='word_1_248' title='bbox 404 3121 537 3196; x_wconf 69' lang='lat' dir='ltr'><strong>penicis</strong></span> <span class='ocrx_word' id='word_1_249' title='bbox 552 3121 832 3204; x_wconf 88' lang='lat' dir='ltr'><strong>craoouiensibus,</strong></span> <span class='ocrx_word' id='word_1_250' title='bbox 852 3121 1018 3190; x_wconf 84' lang='lat' dir='ltr'><strong>Stanislao</strong></span> <span class='ocrx_word' id='word_1_251' title='bbox 1035 3118 1203 3190; x_wconf 83' lang='lat' dir='ltr'><strong>Goreczki</strong></span> <span class='ocrx_word' id='word_1_252' title='bbox 1219 3118 1393 3206; x_wconf 89' lang='lat' dir='ltr'><strong>proposito</strong></span> <span class='ocrx_word' id='word_1_253' title='bbox 1408 3118 1595 3186; x_wconf 83' lang='lat' dir='ltr'><strong>celissiensi</strong></span> <span class='ocrx_word' id='word_1_254' title='bbox 1624 3116 1813 3201; x_wconf 89' lang='lat' dir='ltr'><strong>secretaiijs</strong></span> <span class='ocrx_word' id='word_1_255' title='bbox 1835 3115 1971 3196; x_wconf 90' lang='lat' dir='ltr'><strong>nostris,</strong></span> <span class='ocrx_word' id='word_1_256' title='bbox 1995 3113 2073 3180; x_wconf 77' lang='lat' dir='ltr'><strong>Ste-</strong></span> 
     </span>
     <span class='ocr_line' id='line_1_27' title="bbox 309 3199 2072 3304; baseline -0.004 -35"><span class='ocrx_word' id='word_1_257' title='bbox 309 3237 313 3252; x_wconf 93' lang='lat'><strong>·</strong></span> <span class='ocrx_word' id='word_1_258' title='bbox 407 3201 513 3270; x_wconf 85' lang='lat' dir='ltr'><strong>nisiso</strong></span> <span class='ocrx_word' id='word_1_259' title='bbox 529 3201 733 3292; x_wconf 84' lang='lat' dir='ltr'><strong>Chroberslij</strong></span> <span class='ocrx_word' id='word_1_260' title='bbox 749 3205 935 3287; x_wconf 82' lang='lat' dir='ltr'><strong>verilifero,</strong></span> <span class='ocrx_word' id='word_1_261' title='bbox 954 3205 1098 3272; x_wconf 88' lang='lat' dir='ltr'><strong>incisore</strong></span> <span class='ocrx_word' id='word_1_262' title='bbox 1108 3212 1144 3271; x_wconf 91' lang='lat' dir='ltr'><strong>&#39;et</strong></span> <span class='ocrx_word' id='word_1_263' title='bbox 1159 3203 1394 3304; x_wconf 84' lang='lat' dir='ltr'><strong>suppincerna,</strong></span> <span class='ocrx_word' id='word_1_264' title='bbox 1407 3199 1545 3268; x_wconf 82' lang='lat' dir='ltr'><strong>Nicolao</strong></span> <span class='ocrx_word' id='word_1_265' title='bbox 1562 3199 1732 3286; x_wconf 80' lang='lat' dir='ltr'><strong>Oczyeslii</strong></span> <span class='ocrx_word' id='word_1_266' title='bbox 1746 3199 1920 3285; x_wconf 85' lang='lat' dir='ltr'><strong>capitaneo</strong></span> <span class='ocrx_word' id='word_1_267' title='bbox 1937 3207 2072 3272; x_wconf 84' lang='lat' dir='ltr'><strong>costen·</strong></span> 
     </span>
     <span class='ocr_line' id='line_1_28' title="bbox 408 3283 2074 3378; baseline -0.002 -24"><span class='ocrx_word' id='word_1_268' title='bbox 408 3289 437 3354; x_wconf 89' lang='lat' dir='ltr'><strong>si</strong></span> <span class='ocrx_word' id='word_1_269' title='bbox 455 3297 490 3354; x_wconf 87' lang='lat' dir='ltr'><strong>et</strong></span> <span class='ocrx_word' id='word_1_270' title='bbox 500 3288 660 3376; x_wconf 86' lang='lat' dir='ltr'><strong>magistro</strong></span> <span class='ocrx_word' id='word_1_271' title='bbox 675 3309 858 3378; x_wconf 77' lang='lat' dir='ltr'><strong>agasonum</strong></span> <span class='ocrx_word' id='word_1_272' title='bbox 873 3291 964 3356; x_wconf 90' lang='lat' dir='ltr'><strong>curie</strong></span> <span class='ocrx_word' id='word_1_273' title='bbox 982 3297 1108 3370; x_wconf 87' lang='lat' dir='ltr'><strong>nostre,</strong></span> <span class='ocrx_word' id='word_1_274' title='bbox 1138 3296 1325 3374; x_wconf 86' lang='lat' dir='ltr'><strong>ceterisque</strong></span> <span class='ocrx_word' id='word_1_275' title='bbox 1351 3288 1385 3354; x_wconf 92' lang='lat' dir='ltr'><strong>di</strong></span> <span class='ocrx_word' id='word_1_276' title='bbox 1435 3287 1549 3372; x_wconf 77' lang='lat' dir='ltr'><strong>&#39;tei-ijs,</strong></span> <span class='ocrx_word' id='word_1_277' title='bbox 1577 3285 1774 3352; x_wconf 81' lang='lat' dir='ltr'><strong>officialibus</strong></span> <span class='ocrx_word' id='word_1_278' title='bbox 1802 3297 1836 3350; x_wconf 87' lang='lat' dir='ltr'><strong>st</strong></span> <span class='ocrx_word' id='word_1_279' title='bbox 1864 3283 2074 3350; x_wconf 73' lang='lat' dir='ltr'><strong>curiensibus</strong></span> 
     </span>
     <span class='ocr_line' id='line_1_29' title="bbox 408 3369 2072 3462; baseline -0.004 -22"><span class='ocrx_word' id='word_1_280' title='bbox 408 3372 533 3440; x_wconf 89' lang='lat' dir='ltr'><strong>nostris</strong></span> <span class='ocrx_word' id='word_1_281' title='bbox 558 3373 700 3444; x_wconf 89' lang='lat' dir='ltr'><strong>testibus</strong></span> <span class='ocrx_word' id='word_1_282' title='bbox 714 3375 933 3460; x_wconf 82' lang='lat' dir='ltr'><strong>adpremissa</strong></span> <span class='ocrx_word' id='word_1_283' title='bbox 946 3373 1010 3442; x_wconf 87' lang='lat' dir='ltr'><strong>iide</strong></span> <span class='ocrx_word' id='word_1_284' title='bbox 1027 3374 1148 3462; x_wconf 84' lang='lat' dir='ltr'><strong>dignis,</strong></span> <span class='ocrx_word' id='word_1_285' title='bbox 1175 3375 1304 3440; x_wconf 90' lang='lat' dir='ltr'><strong>sincere</strong></span> <span class='ocrx_word' id='word_1_286' title='bbox 1320 3373 1389 3440; x_wconf 86' lang='lat' dir='ltr'><strong>etii</strong></span> <span class='ocrx_word' id='word_1_287' title='bbox 1413 3371 1518 3454; x_wconf 82' lang='lat' dir='ltr'><strong>elibus</strong></span> <span class='ocrx_word' id='word_1_288' title='bbox 1534 3371 1659 3448; x_wconf 86' lang='lat' dir='ltr'><strong>uostris</strong></span> <span class='ocrx_word' id='word_1_289' title='bbox 1683 3369 1826 3438; x_wconf 85' lang='lat' dir='ltr'><strong>dilectis.</strong></span> <span class='ocrx_word' id='word_1_290' title='bbox 1864 3371 1986 3437; x_wconf 84' lang='lat' dir='ltr'><strong>Datum</strong></span> <span class='ocrx_word' id='word_1_291' title='bbox 2011 3389 2072 3454; x_wconf 88' lang='lat' dir='ltr'><strong>per</strong></span> 
     </span>
     <span class='ocr_line' id='line_1_30' title="bbox 408 3449 2073 3556; baseline -0.004 -32"><span class='ocrx_word' id='word_1_292' title='bbox 408 3479 522 3524; x_wconf 86' lang='lat' dir='ltr'><strong>manus</strong></span> <span class='ocrx_word' id='word_1_293' title='bbox 545 3459 665 3556; x_wconf 82' lang='lat' dir='ltr'><strong>prefati</strong></span> <span class='ocrx_word' id='word_1_294' title='bbox 680 3457 856 3528; x_wconf 89' lang='lat' dir='ltr'><strong>reuerendi</strong></span> <span class='ocrx_word' id='word_1_295' title='bbox 872 3459 907 3524; x_wconf 92' lang='lat' dir='ltr'><strong>in</strong></span> <span class='ocrx_word' id='word_1_296' title='bbox 922 3457 1055 3528; x_wconf 85' lang='lat' dir='ltr'><strong>Christo</strong></span> <span class='ocrx_word' id='word_1_297' title='bbox 1096 3458 1175 3524; x_wconf 89' lang='lat' dir='ltr'><strong>atris</strong></span> <span class='ocrx_word' id='word_1_298' title='bbox 1191 3455 1316 3524; x_wconf 89' lang='lat' dir='ltr'><strong>domini</strong></span> <span class='ocrx_word' id='word_1_299' title='bbox 1331 3454 1457 3523; x_wconf 86' lang='lat' dir='ltr'><strong>Matbie</strong></span> <span class='ocrx_word' id='word_1_300' title='bbox 1479 3455 1643 3542; x_wconf 85' lang='lat' dir='ltr'><strong>Episcopi</strong></span> <span class='ocrx_word' id='word_1_301' title='bbox 1657 3453 1897 3542; x_wconf 88' lang='lat' dir='ltr'><strong>premisliensis</strong></span> <span class='ocrx_word' id='word_1_302' title='bbox 1921 3462 1955 3519; x_wconf 89' lang='lat' dir='ltr'><strong>et</strong></span> <span class='ocrx_word' id='word_1_303' title='bbox 1971 3449 2073 3540; x_wconf 81' lang='lat' dir='ltr'><strong>Regni</strong></span> 
     </span>
     <span class='ocr_line' id='line_1_31' title="bbox 407 3535 2074 3630; baseline -0.003 -23"><span class='ocrx_word' id='word_1_304' title='bbox 407 3541 517 3610; x_wconf 89' lang='lat' dir='ltr'><strong>nostri</strong></span> <span class='ocrx_word' id='word_1_305' title='bbox 530 3543 804 3630; x_wconf 85' lang='lat' dir='ltr'><strong>vicecancellarij,</strong></span> <span class='ocrx_word' id='word_1_306' title='bbox 821 3545 949 3610; x_wconf 85' lang='lat' dir='ltr'><strong>sincere</strong></span> <span class='ocrx_word' id='word_1_307' title='bbox 965 3543 1063 3611; x_wconf 89' lang='lat' dir='ltr'><strong>nobis</strong></span> <span class='ocrx_word' id='word_1_308' title='bbox 1099 3541 1201 3609; x_wconf 90' lang='lat' dir='ltr'><strong>ileeti.</strong></span> <span class='ocrx_word' id='word_1_309' title='bbox 1222 3541 1358 3608; x_wconf 86' lang='lat' dir='ltr'><strong>Relacio</strong></span> <span class='ocrx_word' id='word_1_310' title='bbox 1378 3536 1537 3628; x_wconf 87' lang='lat' dir='ltr'><strong>ejusdem,</strong></span> <span class='ocrx_word' id='word_1_311' title='bbox 1554 3543 1648 3626; x_wconf 89' lang='lat' dir='ltr'><strong>cujus</strong></span> <span class='ocrx_word' id='word_1_312' title='bbox 1665 3560 1773 3626; x_wconf 76' lang='lat' dir='ltr'><strong>supra</strong></span> <span class='ocrx_word' id='word_1_313' title='bbox 1796 3539 1926 3606; x_wconf 89' lang='lat' dir='ltr'><strong>scilicet</strong></span> <span class='ocrx_word' id='word_1_314' title='bbox 1954 3535 2074 3622; x_wconf 81' lang='lat' dir='ltr'><strong>prefati</strong></span> 
     </span>
     <span class='ocr_line' id='line_1_32' title="bbox 314 3621 2203 3724; baseline -0.002 -32"><span class='ocrx_word' id='word_1_315' title='bbox 314 3637 325 3660; x_wconf 88' lang='grc'><strong><em>’</em></strong></span> <span class='ocrx_word' id='word_1_316' title='bbox 408 3627 595 3694; x_wconf 83' lang='lat' dir='ltr'><strong>Reuerendi</strong></span> <span class='ocrx_word' id='word_1_317' title='bbox 622 3629 660 3695; x_wconf 89' lang='lat' dir='ltr'><strong>iii</strong></span> <span class='ocrx_word' id='word_1_318' title='bbox 678 3628 815 3698; x_wconf 82' lang='lat' dir='ltr'><strong>Christo</strong></span> <span class='ocrx_word' id='word_1_319' title='bbox 845 3629 950 3716; x_wconf 82' lang='lat' dir='ltr'><strong>patris</strong></span> <span class='ocrx_word' id='word_1_320' title='bbox 976 3625 1100 3724; x_wconf 77' lang='lat' dir='ltr'><strong>domiui</strong></span> <span class='ocrx_word' id='word_1_321' title='bbox 1128 3627 1253 3696; x_wconf 81' lang='lat' dir='ltr'><strong>Mathis</strong></span> <span class='ocrx_word' id='word_1_322' title='bbox 1285 3627 1450 3713; x_wconf 76' lang='lat' dir='ltr'><strong>Episcopi</strong></span> <span class='ocrx_word' id='word_1_323' title='bbox 1478 3625 1723 3698; x_wconf 82' lang='lat' dir='ltr'><strong>Prcmisliensis</strong></span> <span class='ocrx_word' id='word_1_324' title='bbox 1741 3632 1775 3693; x_wconf 86' lang='lat' dir='ltr'><strong>et</strong></span> <span class='ocrx_word' id='word_1_325' title='bbox 1798 3625 1836 3695; x_wconf 76' lang='lat' dir='ltr'><strong>li·</strong></span> <span class='ocrx_word' id='word_1_326' title='bbox 1853 3621 1886 3690; x_wconf 90' lang='lat' dir='ltr'><strong>P.</strong></span> <span class='ocrx_word' id='word_1_327' title='bbox 1903 3623 1976 3688; x_wconf 83' lang='lat' dir='ltr'><strong>vico</strong></span> <span class='ocrx_word' id='word_1_328' title='bbox 1993 3643 2080 3690; x_wconf 71' lang='lat' dir='ltr'><strong>cen·=</strong></span> <span class='ocrx_word' id='word_1_329' title='bbox 2197 3649 2203 3670; x_wconf 77' lang='lat'>=</span> 
     </span>
    </p>
   </div>
   <div class='ocr_carea' id='block_1_7' title="bbox 301 3709 562 3804">
    <p class='ocr_par' dir='ltr' id='par_1_9' title="bbox 301 3709 562 3804">
     <span class='ocr_line' id='line_1_33' title="bbox 301 3709 562 3804; baseline -0.011 -25"><span class='ocrx_word' id='word_1_330' title='bbox 301 3797 306 3804; x_wconf 18' lang='lat'>⁶</span> <span class='ocrx_word' id='word_1_331' title='bbox 410 3709 562 3778; x_wconf 84' lang='lat' dir='ltr'><strong>cellarii.”</strong></span> 
     </span>
    </p>
   </div>
   <div class='ocr_carea' id='block_1_8' title="bbox 0 0 2474 5922">
    <p class='ocr_par' dir='ltr' id='par_1_10' title="bbox 0 0 2474 5922">
     <span class='ocr_line' id='line_1_34' title="bbox 0 0 2474 5922; baseline 0 0"><span class='ocrx_word' id='word_1_332' title='bbox 0 0 2474 5922; x_wconf 95' lang='lat' dir='ltr'><strong> </strong></span> 
     </span>
    </p>
   </div>
  </div>
 </body>
</html>
