4856 5932
577 1380 972 1489 creptae-ere
996 1382 1036 1469 4
1058 1380 1258 1466 memte
1281 1379 1607 1464 Decernortr
1631 1377 1783 1467 14⁶8
1801 1391 1968 1463 anuto·

444 1605 610 1699 millu.
625 1603 924 1698 Wmltrlfllffl
936 1601 1069 1694 mauu
1093 1602 1182 1676 tnui!
1197 1601 1345 1676 urna
1358 1601 1454 1676 euro
1466 1541 1656 1690 ueremur,
1680 1599 1794 1675 mitris
1806 1531 2099 1686 affluam
2194 1569 2196 1573 ’

488 1711 744 1807 menam
758 1709 825 1783 aa
845 1703 1122 1780 eanimuru-
1142 1704 1495 1795 sanciremus·
1511 1704 1545 1778 xn
1558 1703 1702 1796 onum
1714 1701 1989 1796 senmourmae
2003 1703 2055 1788 o

554 1919 606 2006 In
627 1919 793 2003 nomine
815 1915 971 2026 domini
984 1915 1126 2000 amen.
1175 1914 1282 2001 Oum
1314 1921 1530 2028 gestorum
1565 1911 1715 1998 merita
1735 1911 1895 1998 obliuio
1913 1911 2101 2024 singula-

450 2069 537 2158 que
556 2038 781 2124 volvuntur
816 2035 897 2119 sub
933 2047 1122 2147 tempore
1143 2064 1166 2118 e
1187 2038 1388 2120 memoria
1408 2033 1672 2146 plerumque
1696 2033 1855 2118 excutit
1889 2033 2102 2152 acdeter·

450 2162 530 2273 git,
551 2160 691 2242 sinon
712 2155 868 2240 fuerint
888 2155 969 2240 stili
991 2153 1166 2238 artificio
1189 2163 1231 2238 et
1250 2157 1419 2238 testium
1442 2155 1718 2238 annotaoione
1738 2161 1982 2262 peremrata·
2004 2177 2103 2263 pro·

453 2279 552 2364 inde
573 2302 651 2362 nos
674 2273 908 2362 Oanimirus
932 2275 998 2357 dei
1021 2275 1167 2385 gracia
1188 2272 1282 2364 Rex
1301 2274 1472 2359 Polonie
1507 2299 1692 2356 necnon
1727 2282 1929 2356 terrarum
1968 2268 2103 2356 Grac·
2199 2292 2209 2311 ·

453 2397 574 2484 couie
598 2395 694 2508 (sic)
719 2393 991 2497 Sandomirie,
1004 2391 1176 2496 Siradie,
1197 2392 1409 2498 Laneion,
1428 2391 1616 2496 Ouiauio,
1628 2391 1808 2506 Magnus
1826 2391 1909 2474 dux
1925 2389 2104 2474 Lithua·

454 2519 535 2620 nie,
557 2515 724 2619 sassie,
744 2514 1013 2625 Prussieque,
1033 2542 1112 2596 nec
1132 2539 1216 2596 non
1239 2512 1487 2617 Oulmensis,
1515 2512 1797 2624 Elbingensis,
1834 2518 1877 2594 et
1905 2509 2105 2594 Pomera·

453 2637 524 2720 nie
547 2634 739 2720 dominus
762 2641 804 2714 et
824 2632 957 2748 hereo,
979 2631 1033 2716 ad
1053 2641 1303 2744 perpetuam
1319 2633 1378 2732 rei
1393 2633 1636 2750 memoriam
1651 2629 1942 2742 significamus
1962 2641 2105 2724 tenore

451 2753 719 2868 presencium
740 2749 895 2866 quibus
918 2752 1090 2862 expedit
1110 2751 1316 2836 uniuersis
1347 2749 1612 2864 presentibus
1636 2759 1678 2836 et
1697 2749 1861 2857 futuris3
1895 2753 2011 2862 quod
2032 2775 2106 2834 ve·

453 2872 655 2960 ne'rabilis
676 2900 729 2955 ac
749 2869 984 2983 relligiosus
1024 2867 1207 2954 Michael
1242 2870 1393 2954 Abbas
1429 2879 1577 2955 sancte
1613 2872 1750 2956 crucis
1791 2873 1944 2956 montis
1981 2869 2104 2978 calui,

457 2993 636 3080 deuotus
658 3000 800 3096 noster
822 2990 1013 3094 dilectus,
1034 3017 1115 3074 sua
1134 2989 1256 3074 nobis
1286 2991 1530 3078 narracione
1570 2990 1832 3096 monstrauit,
1869 2991 1985 3100 quod
2019 2993 2106 3078 sin-

447 3111 565 3228 ,gulis
588 3112 707 3194 annis
728 3110 932 3222 superiori
952 3118 1141 3222 tempore
1163 3111 1402 3214 transactis,
1422 3111 1466 3192 in
1487 3117 1628 3194 monte
1651 3106 1771 3196 caluo
1788 3112 2029 3194 monasterii
2039 3111 2107 3196 sui

451 3256 530 3342 pro
549 3227 660 3316 festo
681 3228 981 3340 pentecosthes
1003 3228 1058 3312 ad
1078 3229 1283 3312 tenendas
1313 3228 1522 3316 nundinas
1545 3255 1621 3314 seu
1640 3227 1775 3313 forum
1795 3228 1960 3338 annale,
1993 3229 2117 3317 nulla-

450 3347 770 3464 priuilegiorum
790 3347 989 3432 firmitate
1008 3346 1265 3454 roboratum,
1299 3348 1444 3461 populi
1470 3349 1692 3434 multitudo
1728 3372 1854 3434 sexus
1889 3351 2108 3462 utiusque

456 3469 618 3554 assolet
638 3468 691 3556 de
712 3468 1016 3553 consuetudine
1039 3467 1263 3570 confluere,
1284 3469 1360 3555 ubi
1379 3467 1588 3575 tubarum,
1622 3468 1915 3580 timpanorum.
1944 3468 2109 3556 fistula-

455 3617 559 3694 rum,
581 3585 841 3698 aliorumque
862 3590 1116 3672 musicorum
1138 3615 1343 3698 generum
1379 3587 1584 3674 exercicia
1619 3585 1885 3694 adhibentur,
1910 3590 2109 3700 Choma·
2182 3661 2187 3670 .

456 3735 548 3790 rum
571 3716 890 3814 ceterorumque
906 3707 1098 3817 jocorum
1120 3707 1293 3816 plausus
1322 3717 1581 3812 exercentur,
1616 3705 1749 3789 multa
1781 3707 1952 3818 insuper
1986 3707 2109 3810 furta,

456 3824 692 3930 homicidia,
724 3827 890 3934 alieque
924 3828 1195 3912 enormitates
1217 3837 1260 3910 et
1281 3826 1623 3912 deordinaoiones
1639 3823 1885 3934 plerumque
1916 3827 2108 3913 commit·

452 3953 614 4048 ¹tantur,
637 3973 721 4056 que
741 3943 885 4050 cultus·
904 3947 1033 4030 diuini
1054 3946 1254 4058 obsequis
1266 3945 1424 4032 diurnis
1436 3945 1699 4031 etnooturnis
1720 3971 1993 4054 sepenumero
2014 3973 2106 4031 ma·

458 4091 561 4178 gno:
588 4073 687 4148 sunt
724 4064 1023 4172 impedimento
1063 4065 1178 4150 unde
1229 4066 1478 4170 deordinata
1523 4072 1567 4146 et
1609 4065 1795 4148 enormia
1829 4061 1951 4148 huius
1992 4067 2108 4154 modi

411 4215 416 4225 ·
461 4183 665 4268 scaudala
686 4181 741 4265 ab
761 4181 833 4266 illo
853 4181 947 4266 loco
967 4185 1010 4264 in
1032 4209 1118 4290 quo
1138 4211 1293 4266 nomen
1315 4183 1471 4274 domini
1502 4183 1671 4266 assidue
1709 4184 1932 4270 inuocatur
1960 4185 2109 4272 tollere

461 4333 512 4387 ac
532 4304 709 4414 prouida
729 4300 1023 4412 prospectione
1045 4327 1309 4384 summouere
1332 4299 1388 4417 (ἲ)
1411 4303 1639 4412 cupientes,
1676 4311 1887 4412 quatenus
1922 4313 1965 4388 et
1990 4305 2109 4389 locus

460 4425 550 4534 ipse
571 4425 794 4510 honestate
817 4420 963 4506 debita
983 4429 1266 4532 prosequatur
1286 4429 1329 4505 et
1358 4419 1507 4508 fratres
1540 4421 1648 4508 illius
1683 4425 1927 4509 monasterii
1961 4431 2109 4534 optata
2214 4479 2219 4490 ·

566 4659 605 4738 (¹)
627 4658 678 4724 Ex
694 4658 809 4725 eodem
823 4655 906 4723 libro
921 4655 1167 4742 manuscripto,
1205 4655 1237 4722 ui
1247 4659 1317 4743 jam
1332 4657 1391 4724 sub
1407 4679 1436 4724 a.
1455 4657 1535 4722 1351
1545 4654 1728 4744 descriptus
1747 4667 1828 4737 erat,
1843 4657 1954 4725 tabula
1967 4659 2109 4725 aLeone

463 4741 713 4894 fffflwm
728 4742 933 4832 deprompta
964 4743 1016 4810 De
1033 4741 1157 4830 oppido
1182 4675 1297 4834 dlupie
1315 4741 1504 4810 monasterii
1529 4742 1563 4810 in
1589 4743 1703 4810 Monte
1729 4739 1833 4811 Calvo
1846 4743 1950 4811 locati
1964 4743 2110 4831 proprio,
2230 4767 2241 4790 ·
