4822 5924
903 707 1306 822 q-ess-

217 901 222 996 J
280 987 284 998 ,
329 911 436 992 etin
455 903 669 1016 Praepririu
689 933 787 987 cum
809 907 922 988 omni
943 905 1114 1011 dmeet
1133 907 1331 990 Dominio
1354 931 1406 987 ac
1428 907 1635 988 omnibus·¹
1657 915 1699 988 et
1720 907 1896 1017 singulis
1918 911 2003 995 uria

330 1027 538 1126 litatibus,
561 1021 772 1106 fructi-bus
794 1031 839 1106 et
858 1025 1123 1132 pertinentiis
1146 1024 1353 1107 universis
1373 1023 1417 1126 in
1439 1017 1575 1106 T'erra
1596 1035 1640 1105 et
1660 1023 1791 1134 Aqua
1810 1027 1866 1106 ad
1886 1028 2001 1136 ipsas
2101 1127 2104 1134 Ι

332 1142 595 1230 Advocatias
618 1168 695 1223 seu
715 1139 948 1250 Scultetias
969 1141 1291 1249 quomodolibet
1309 1141 1623 1251 spectantibus,
1652 1151 1778 1250 prout
1798 1169 1874 1225 nos
1895 1155 2002 1226 tem-

244 1269 251 1285 '
331 1261 509 1374 poribus
537 1261 694 1344 nostris
724 1260 896 1341 easdem
927 1260 1137 1342 tenuimus
1160 1269 1204 1340 et
1222 1269 1352 1370 prout
1380 1257 1548 1343 Vislaus
1573 1269 1615 1342 et
1635 1257 1815 1343 Friczk'o
1837 1287 2002 1344 eorum⁴

333 1408 439 1492 quen
454 1378 805 1488 praedecessores
838 1387 937 1459 ante
966 1403 1043 1461 nos
1066 1377 1122 1460 ab
1144 1379 1260 1461 initio
1282 1389 1510 1460 tenuerunt
1529 1404 1626 1460 cum
1649 1379 1786 1480 silvis,
1822 1379 2003 1485 maricis,

332 1495 516 1600 rubetis,
550 1497 784 1604 quercetis,
819 1497 1013 1605 pascuis,
1034 1489 1199 1605 'pratia
1236 1499 1371 1607 agris,
1407 1499 1569 1606 campis
1591 1515 1643 1578 ‘ac
1665 1497 1759 1604 aly-s
1796 1498 2003 1594 universis

332 1615 612 1726 proventibus
634 1616 709 1722 qui
729 1641 840 1698 nunc
863 1623 973 1718 sunt,
990 1624 1067 1696 aut
1088 1614 1410 1726 quomodolibet
1431 1642 1524 1699 esse
1546 1613 1733 1722 poterint
1750 1617 1795 1696 in
1813 1613 2002 1700 futurum

245 1823 250 1830 ,
334 1736 442 1816 inter
460 1733 617 1815 limites
638 1731 974 1816 Advocatiarum
992 1755 1068 1814 seu
1091 1732 1377 1814 scultetia‘rum
1399 1725 1733 1841 praedictarum,
1751 1735 1811 1815 ad
1831 1733 2004 1820 laudem
2035 1797 2040 1802 -

336 1849 757 1960 Omnipotcntisdlei
780 1859 823 1931 et
843 1851 1199 1934 obreverentiam
1223 1851 1431 1962 gloriosae
1454 1851 1642 1936 Sanctae
1657 1850 1817 1936 Mariae
1838 1879 2006 1963 semper

332 1967 544 2081 Virginis,
564 1969 714 2052 Matris
736 1971 825 2050 eius
846 1968 1129 2074 Benedictae‚
1152 1997 1203 2050 ac
1224 1967 1452 2051 Beatorum
1474 1969 1589 2052 Petri
1613 1977 1656 2050 et
1674 1970 1796 2052 Pauli
1817 1969 2006 2079 Aposto-

332 2087 467 2171 lorum
485 2089 545 2169 ‘ad
565 2089 840 2190 honorem,'in
856 2110 1037 2194 quorum
1055 2087 1225 2170 laudem
1246 2087 1537 2198 saepedictum
1559 2085 1862 2172 Monasten‘um
1884 2087 2004 2196 Tyn·

335 2210 478 2289 cienee
500 2215 566 2288 est
587 2205 825 2308 fimdatum,
842 2231 1009 2288 necnon
1027 2205 1110 2315 ipsi
1129 2205 1388 2290 Monasterio
1411 2203 1643 2313 Tynciensi
1664 2205 1827 2288 Abbati
1844 2215 1886 2286 et
1899 2205 2005 2290 Fra-

334 2325 469 2408 tribus
490 2327 621 2408 totius
636 2323 894 2409 ¹'Conventus
917 2325 1049 2432 ipsius
1070 2323 1328 2432 Monastery,
1361 2325 1436 2434 qui
1455 2349 1530 2433 pro
1552 2335 1742 2431 tempore
1759 2321 1930 2440 'bietint
1949 2329 2005 2408 ad

334 2443 564 2525 utilitatem
599 2441 815 2553 perpetuis
850 2443 1113 2549 temporibus
1152 2442 1322 2545 damus,
1341 2441 1568 2543 tradimus,
1590 2440 1841 2524 conferimus
1864 2447 1907 2522 et
1928 2442 2006 2526 do:

334 2587 507 2661 namus,
527 2583 702 2642 necnon·
716 2559 1016 2664 adscribimus,
1038 2554 1321 2663 annectimus,
1353 2549 1676 2668 oppropriumus
1698 2569 1741 2640 et
1761 2559 2004 2665 incorpora*

265 2697 271 2708 '
335 2707 442 2782 mus,
463 2677 772 2762 Renuntiantes
796 2679 909 2760 omni
927 2675 1024 2768 duri
1046 2683 1089 2760 et
1107 2678 1325 2781 Dominio,
1362 2678 1482 2788 quod
1515 2675 1639 2758 nobis
1659 2673 1812 2788 quevis
1832 2677 2004 2788 ingenio

337 2804 577 2906 competere
600 2806 748 2906 posset
767 2797 835 2880 vel
856 2797 1011 2882 nostris
1035 2794 1366 2882 Successoribus
1403 2799 1665 2904 competeret
1683 2797 1732 2876 in
1748 2799 2005 2904 praemissis
2059 2851 2065 2867 ·

338 2913 410 3000 Sic
426 2905 548 3025 'qu'od
585 2916 766 2998 eximere
787 2941 928 3028 neque
949 2941 1026 3002 nes
1047 2945 1127 3000 nec
1151 2915 1281 3026 aliqui
1317 2915 1450 2998 nostri
1487 2912 1769 2998 Successores
1790 2913 1845 2996 ad
1867 2907 2007 3004 omnia

334 3032 572 3144 praemissa
589 3033 722 3118 ullum
742 3061 969 3144 possumus
990 3035 1123 3117 ullum
1143 3041 1371 3144 possumus
1389 3031 1487 3142 (sic)
1510 3061 1592 3115 nec
1614 3029 1842 3136 debemus,
1863 3042 1906 3115 et
1926 3035 2006 3144 ipsi

335 3153 467 3237 uostn
481 3149 776 3236 ¹successores·
791 3153 974 3262 aliquem
990 3179 1076 3240 non
1099 3151 1257 3234 debent
1276 3179 1357 3233 neo
1373 3149 1599 3236 debebunt
1618 3177 1696 3233 suo
1718 3161 1910 3262 tempore
1929 3155 2008 3236 ha·-

335 3271 438 3355 bere
459 3279 722 3380 respectum,
740 3272 827 3357 Sed
850 3273 990 3354 omnia
1012 3281 1055 3353 et
1076 3271 1245 3382 singula
1263 3271 1500 3379 praemissa
1520 3268 1672 3354 Abbas
1695 3279 1738 3351 et
1759 3281 1878 3379 totus
1892 3270 2007 3355 Ocn-

337 3399 488 3472 ventus
509 3385 858 3500 Fratrumsaepe
896 3389 999 3470 dicti
1039 3387 1284 3508 quasterij
1327 3389 1601 3498 Tynciensis,
1624 3388 1698 3495 qui
1719 3415 1795 3498 pro
1817 3397 2005 3498 tempore
2086 3391 2090 3394 ’
2198 3415 2201 3428 ·

333 3501 513 3610 suerint,
548 3513 691 3591 tenere
725 3508 884 3593 debent
905 3515 1113 3616 perpetue
1137 3517 1181 3590 et
1199 3509 1419 3616 possidere
1441 3505 1621 3614 pacifice
1642 3513 1686 3586 et
1708 3506 1871 3615 quiete,
1886 3527 1889 3532 ¹
1904 3534 2005 3590 con·
2070 3547 2074 3555 ¹
2124 3507 2127 3516 ’

337 3627 588 3709 tradictione
611 3635 655 3707 et
675 3623 976 3735 impedimento
998 3625 1227 3712 cuiuslibet
1246 3627 1414 3734 penitus
1435 3651 1520 3707 non
1537 3623 1840 3708 obstante-Ut
1861 3635 2008 3710 autem

337 3745 469 3829 nostri
492 3753 533 3825 et
553 3745 933 3850 praedecessorum
952 3734 1193 3828 nostrorum¹
1211 3743 1540 3850 perorationes,
1571 3741 1796 3824 Missarum
1817 3736 2006 3844 celebra-

337 3865 495 3948 tionem
516 3861 662 3945 melior
685 3873 728 3944 et
748 3865 882 3948 maior
903 3864 1106 3947 memoria
1126 3859 1348 3966 habeatur,
1389 3861 1441 3944 In
1461 3865 2006 3971 recempensampraemis-

340 4009 482 4066 sorum
502 3983 719 4090 perpetuis
741 3980 1004 4091 temporibus
1026 3979 1251 4063 statuimus
1277 3989 1320 4061 et
1340 3980 1506 4062 omnino
1538 3979 1753 4082 volumus,
1772 3991 1821 4062 ut
1841 4008 2007 4064 exnunc

338 4099 488 4208 Abbas
511 4109 555 4183 et
577 4099 825 4184 Conventus
845 4095 1094 4210 Monastery
1115 4098 1369 4210 Tyncicnsis
1391 4097 1645 4206 saepedicti,
1666 4109 1858 4182 statuant
1876 4129 2007 4182 unum

339 4344 495 4400 moratae.
518 4333 629 4398 Limici
644 4341 676 4397 et
690 4330 790 4398 hodie
807 4334 905 4398 etiam
922 4331 1065 4398 ecclesia
1081 4331 1282 4416 parochialis
1297 4333 1333 4397 in
1346 4332 1518 4398 territorio
1548 4333 1701 4416 antiquae
1721 4331 1844 4396 liberae
1864 4331 2008 4398 civitatis

338 4415 584 4494 &secoviensis
601 4439 688 4482 nunc
704 4417 738 4481 in
755 4440 875 4506 magno
892 4417 1011 4482 ducatu
1028 4417 1226 4496 (decanatus
1243 4413 1547 4486 Crernichowiensi
1567 4419 1589 4496 ).

442 4503 481 4582 (⁴)
504 4501 628 4590 Rybira,
646 4501 724 4566 villa
742 4503 839 4567 etiam
868 4501 1068 4588 parochialis
1085 4523 1114 4564 a.
1133 4505 1213 4568 1676
1243 4525 1329 4566 nunc
1350 4500 1513 4565 invenitur
1528 4499 1562 4561 in
1576 4499 1714 4584 regione
1744 4497 1960 4566 Cracoviensi
1975 4503 2008 4566 in
2035 4578 2040 4586 ι

336 4585 479 4666 Gallicis
493 4587 527 4650 in
542 4586 701 4652 decanatu
722 4607 803 4652 vero
821 4585 1153 4664 Czerniechcwiensi,
1170 4609 1235 4651 uon
1250 4584 1369 4670 procul
1389 4583 1499 4647 avilla
1526 4584 1639 4648 Lisrlei.
1679 4583 1849 4670 Prchirria
1864 4583 1906 4648 ad
1921 4584 2005 4650 hano

336 4673 512 4742 ecclesiam
528 4669 749 4756 parochialem
765 4671 937 4758 spectabat
951 4693 980 4734 a.
991 4672 1083 4736 lert.
1122 4669 1188 4737 Sed
1217 4669 1321 4735 altera
1335 4679 1387 4735 est
1401 4667 1481 4732 villa
1496 4665 1673 4752 Prrrpiniu,
1690 4665 1731 4734 de
1748 4689 1813 4750 qua
1828 4691 1930 4754 supra
1941 4669 2007 4754 jam

217 4790 223 4796 ·
325 4761 488 4842 diximus,
502 4755 536 4820 iu
552 4755 668 4842 Regno
687 4755 846 4822 moderno
865 4755 1034 4826 Polouiac,
1061 4755 1240 4840 parochiae
1256 4777 1333 4820 suae
1348 4753 1496 4838 caputio
1513 4768 1649 4838 regiona
1666 4762 1699 4816 et
1713 4753 1885 4818 territorio
1901 4753 2005 4820 licos-

336 4866 448 4912 srensr.
795 4873 797 4882 ·
