4890 5924
25 2147 26 2160 ,
201 2169 204 2174 ¹
320 2075 500 2162 palatinatu
517 2075 630 2156 (hodie
645 2076 680 2142 in

1017 739 1193 816 -227
1250 775 1296 794 -·

198 993 200 998 ·
316 939 504 1029 liberam
526 937 773 1022 incisionem
793 937 837 1019 in
857 936 986 1047 sylvis
1021 935 1176 1022 nostris
1210 937 1429 1050 regalibus
1465 945 1553 1026 tam
1588 967 1665 1052 pro
1701 940 1819 1050 foco,
1858 924 1989 1056 quam

319 1057 528 1150 aedificiis
546 1063 593 1138 et
611 1051 717 1138 aliis‘
738 1055 933 1140 omnibus
968 1065 1139 1141 nostrae
1174 1053 1396 1140 Ecclesiae
1438 1053 1777 1145 necessitatibus.
1839 1060 1989 1170 Habet
2096 1046 2108 1069 '

318 1202 503 1291 quoque.
523 1172 638 1256 idem
670 1171 829 1256 Rector
860 1172 1031 1256 scholae
1063 1170 1419 1280 Tymbarseensis
1451 1176 1622 1261 domum
1642 1175 1903 1278 Plebanatus
1925 1181 1991 1262 sui

317 1321 424 1378 cum·
450 1294 573 1376 horto
609 1291 767 1392 bonam
801 1290 1031 1374 mansionis
1062 1295 1183 1374 suasi
1242 1287 1382 1392 Quam
1405 1294 1576 1404 quidem
1598 1293 1888 1380 fimdationem
1910 1323 1988 1381 no·
2033 1307 2040 1314 ’

317 1401 449 1494 stram
468 1409 635 1520 regiam
653 1407 698 1487 in
719 1408 915 1492 omnibus
934 1407 1105 1519 punctis
1128 1409 1409 1520 approbando
1416 1412 1734 1514 ‚confirmando
1747 1411 1989 1516 ‚ratifican-

319 1528 393 1632 d0,
413 1553 543 1610 manu
561 1533 708 1610 nostra
738 1523 895 1610 Sacrae
926 1524 1166 1634 Majestatis
1197 1526 1500 1638 subscriptam,
1538 1528 1685 1641 Sigillo
1707 1530 1848 1643 Regni
1870 1557 1988 1616 com·

317 1645 469 1729 muniri
497 1643 714 1752 jussimus.
775 1643 937 1726 Datum
958 1645 1002 1726 in
1023 1641 1178 1726 Sclrooc
1199 1641 1253 1756 (³)
1293 1645 1332 1728 d.
1359 1649 1410 1730 11
1434 1650 1590 1733 men'sis
1611 1648 1810 1762 Augusti.
1863 1646 1988 1732 Anno
2057 1692 2061 1700 ¹

318 1761 491 1849 Domini
511 1761 567 1845 Μ.
586 1759 714 1847 OOC.
735 1759 830 1846 XL.
852 1761 930 1847 IX.
985 1759 1217 1864 Oasimirus
1240 1760 1346 1847 Rex.

422 1991 466 2075 (³)
494 1981 664 2073 wedowo}
694 2013 743 2144 {ee
788 1991 882 2057 anice
911 1991 1092 2092 Fromtadt,
1122 1963 1203 2060 urba
1226 2002 1334 2060 terrae
1357 2016 1435 2064 suas
1451 1996 1599 2082 caputia
1615 1995 1750 2082 antiquo
1766 1976 1988 2070 Posnaniebsi

744 2097 812 2164 gno
828 2077 1035 2160 Bomssrae).

1095 2485 1227 2596 Clll.'

673 2643 988 2782 &acestae
1002 2650 1049 2756 ἔ-
1062 2695 1132 2781 21
1149 2699 1291 2818 Mem
1305 2697 1452 2784 1:350
1470 2644 1636 2786 cubo.
1696 2717 1700 2729 ·

322 2871 766 2988 nodzantalapiroopus
780 2880 991 2954 traconensis
1005 2881 1166 2952 calanen
1180 2872 1384 2972 pareclirlsn
1398 2885 1430 2956 in
1443 2885 1520 2958 nilla
1532 2837 1592 2960 sus
1605 2849 1821 2978 Niepolomice
1835 2881 1942 2958 tnnlst
1957 2885 1990 2959 ot

839 2983 930 3072 erigit
944 2982 1107 3075 doumque
1122 2983 1234 3057 tutori
1248 2985 1389 3076 migrat
1413 2989 1466 3070 (¹).

214 3271 220 3282 ,
265 3196 269 3208 “
355 3193 360 3203 “
410 3191 471 3276 'ln
492 3188 660 3273 nomine
682 3187 840 3272 domini
862 3217 1000 3274 amen.
1046 3187 1258 3290 Quoniam
1278 3219 1461 3303 magnus
1485 3193 1678 3277 dominus
1701 3202 1745 3276 et
1762 3191 1987 3277 laudabilis

319 3311 441 3393 nimis
478 3335 605 3419 quem
627 3305 767 3415 angeli
788 3306 1030 3391 incessabili
1048 3336 1157 3394 voce
1178 3309 1356 3394 laudant
1375 3313 1419 3392 in
1442 3311 1628 3394 excelsis.
1690 3311 1838 3396 Eciam
1858 3313 1986 3394 mise-

319 3429 490 3513 racione
525 3426 596 3534 pia
628 3426 800 3509 domum
836 3424 994 3508 habere
1017 3436 1061 3509 at
1081 3421 1236 3537 eligere
1272 3427 1355 3511 sibi
1391 3429 1594 3539 dignatur
1613 3429 1656 3509 in
1679 3425 1819 3532 terris,
1840 3435 1889 3510 vt
1907 3455 1984 3536 pro

319 3543 491 3630 modulo
526 3541 765 3656 fragilitatis
799 3543 992 3626 humane
1022 3573 1049 3626 a
1069 3543 1265 3628 fidelibus
1302 3547 1346 3626 in
1385 3573 1436 3628 ea
1470 3546 1599 3629 velud
1621 3545 1720 3656 (sic)
1763 3533 1985 3628 creaciohe

226 3679 229 3685 ’
319 3693 346 3747 a
366 3689 446 3750 sua
466 3671 660 3746 creatura
680 3660 840 3770 iugitur
860 3655 1097 3746 veneretur.
1159 3661 1343 3745 Proinde
1362 3663 1451 3746 Nos
1473 3659 1699 3748 Bodzatha
1720 3658 1818 3774 (sic)
1841 3661 1987 3777 diuina

321 3789 363 3866 et
382 3779 618 3891 apostolice
639 3779 752 3862 sedis
772 3780 1049 3890 prouidentia
1083 3778 1323 3888 Episcopus
1345 3778 1641 3864 Oracouiensis
1664 3780 1720 3864 ad
1738 3778 1880 3888 ipsius
1893 3805 1985 3861 ma-

320 3901 498 4012 gestatis
528 3899 731 4007 preaonia
753 3895 957 3980 deuooius
977 3897 1227 4002 attollenda,
1251 3905 1294 3980 et
1312 3897 1370 3980 ad
1389 3899 1592 3996 honorem
1612 3897 1747 4006 ipsius
1768 3897 1984 4008 genitricis
2077 3926 2081 3938 ⁴

318 4019 493 4130 virginis
529 4015 664 4101 Maria
685 4043 736 4098 ac
757 4014 980 4124 beatorum
1022 4013 1334 4100 decemmilium
1370 4016 1547 4100 militum
1584 4015 1823 4118 Martirum,
1846 4015 1901 4098 ad
1921 4015 1985 4136 in-

282 4337 288 4345 ¹
423 4261 668 4346 (¹)Slawi1iski
700 4263 881 4350 descripsit
906 4287 946 4332 ex
972 4265 1084 4332 tabula
1111 4253 1313 4354 pergamena
1340 4265 1429 4350 apud
1457 4265 1712 4332 illustrissimum
1742 4261 1936 4330 canonicum
1951 4273 1986 4329 et

318 4347 546 4434 praepositum
562 4345 751 4434 Slupsaium
766 4349 1018 4434 Niepolomiciis
1034 4359 1210 4416 asservata
1247 4349 1400 4417 Funiculi
1415 4349 1497 4432 duo,
1514 4350 1597 4415 alter
1612 4349 1739 4415 sericus
1754 4347 1845 4413 rubri
1860 4345 1984 4413 coloris

319 4433 390 4499 sine
404 4431 525 4519 sigillo,
546 4431 629 4498 alter
644 4433 771 4498 sericus
787 4430 903 4498 viridis
921 4434 1044 4500 coloris
1060 4457 1135 4499 eum
1150 4434 1259 4520 sigillo
1277 4434 1423 4522 oblongo
1437 4443 1470 4500 et
1481 4435 1562 4501 satis
1577 4455 1711 4533 magno,
1727 4433 1839 4516 inquo
1856 4429 1984 4518 effigies

317 4515 432 4614 templi
447 4537 487 4581 ex
503 4525 609 4601 parte,
636 4539 711 4582 cum
736 4539 801 4582 una
825 4517 910 4582 turri
927 4527 960 4584 et
975 4521 1195 4604 supar'cujus
1220 4527 1345 4584 tectum
1371 4539 1508 4604 parrum
1525 4519 1732 4603 consprcitur
1746 4514 1910 4581 vexillum.
1946 4514 1986 4579 In
2116 4601 2118 4606 Ι

227 4601 233 4614 “
312 4599 441 4666 ambrtu
469 4622 551 4666 vero
568 4599 664 4700 hujus
695 4601 806 4701 ⁸lgffli2
835 4603 1009 4688 sequentia
1035 4601 1066 4668 le
1093 4611 1192 4669 untur
1216 4603 1331 4670 verba:
1370 4601 1672 4686 „desuescimus
1674 4645 1723 4666 .....
1743 4597 1793 4666 Sti
1812 4599 1988 4666 Wenceata·

317 4683 484 4776 (Sigillum
503 4683 645 4751 acolesre
661 4683 896 4762 Craaovsensis
913 4685 1029 4754 Sancti
1043 4626 1246 4769 Vgenoezlni).
1703 4741 1707 4748 .
2093 4693 2095 4704 ⁴

422 4768 547 4838 Omnes
570 4769 665 4836 villae
680 4768 794 4835 hucin
810 4770 1079 4840 annotationibus
1094 4780 1293 4860 memoratae
1317 4779 1393 4840 suut
1406 4768 1533 4854 antiqui
1561 4765 1762 4856 palatinatns
1781 4767 1984 4837 cracovien-

317 4853 375 4920 sis.
409 4853 463 4921 De
477 4851 550 4920 aliis
566 4853 653 4920 villis
664 4855 732 4941 jam
747 4871 870 4940 supra·
1051 4893 1056 4902 ·
1614 4865 1617 4873 '
1811 4861 1832 4898 ·’

787 4949 792 4960 “
943 4961 947 4968 “
1821 4951 1882 5024 aa?
