4952 5926
1009 699 1353 777 ‚-3o·-

397 905 576 995 heredes
596 905 639 986 in
661 899 994 988 Consecratione
1019 899 1195 982 ecclesie
1216 899 1298 1007 ipsi
1318 895 1574 985 Monosterio
1597 901 1879 1012 sollempniter
1912 913 2062 988 contu·

397 1026 548 1111 lerunt
573 1033 615 1115 et
634 1029 840 1129 perpetuo
863 1017 1140 1102 donauerunt.
1164 1045 1261 1098 cum
1295 1015 1490 1102 omnibus
1522 1019 1613 1100 eliis
1645 1008 1896 1104 utilitntibns
1916 1021 1960 1108 in
1979 1050 2064 1104 rno-

395 1167 476 1254 9no
497 1139 581 1224 sale
603 1151 648 1220 et
667 1139 707 1220 in
728 1137 889 1218 boolrna.
933 1134 1087 1218 Comes
1120 1134 1316 1218 Clemens
1350 1133 1539 1216 contulit.
1571 1133 1767 1220 Podlanze
1802 1135 2062 1224 Lonslrour'ce.

400 1254 606 1342 Ctimentov
628 1254 696 1367 (²).
727 1247 916 1336 soitdnikc'
931 1248 998 1360 (³)
1024 1252 1201 1334 Ostrow.
1237 1249 1428 1362 Korqow.
1463 1249 1692 1362 Neqordow
1715 1249 1782 1366 (⁴).
1806 1255 1923 1337 euius
1946 1257 2066 1340 dimi·

401 1377 514 1458 diam
533 1385 698 1483 partem
722 1371 823 1453 emit
842 1379 947 1478 aput
967 1367 1065 1481 (sic)
1088 1366 1332 1450 denkonem
1362 1367 1434 1448 uel
1465 1373 1740 1452 commutauit
1759 1398 1835 1481 pro
1868 1369 2064 1464 Plechow.

403 1503 446 1576 et
467 1495 591 1576 aliam
614 1491 917 1574 dimidietatem
939 1495 1044 1594 aput
1065 1485 1298 1580 Serenam,
1320 1494 1363 1569 et
1381 1485 1513 1568 filium
1546 1489 1633 1570 eius
1669 1485 1860 1572 Marcum
1894 1517 1972 1598 pro
1996 1493 2065 1576 do-

400 1610 610 1694 branoor'ce
632 1636 716 1719 que
739 1604 865 1687 rudno
887 1599 942 1714 (³)
967 1605 1118 1684 dicitur
1154 1605 1277 1687 simili
1314 1605 1655 1688 commutatione.
1678 1615 1722 1688 et
1740 1634 1816 1716 pro
1838 1605 1972 1689 vodow
1995 1611 2063 1723 (θ).

398 1725 675 1834 Pronurctunj.
697 1721 918 1832 Lypouam.
940 1719 1110 1832 Zogore.
1132 1718 1437 1804 Roslcoolrouice.
1475 1719 1644 1804 Smolr'oe
1680 1751 1778 1806 cum
1815 1727 2064 1840 cestoribus.

399 1842 561 1926 Zattor.
586 1837 701 1924 Canta·
718 1835 883 1953 (Kety).
906 1835 1065 1920 Ludens
1088 1833 1289 1949 (Libisr).
1315 1833 1445 1920 Celod.
1469 1836 1691 1952 (Ozeledz)
1728 1871 1856 1951 super
1890 1844 2066 1930 fluuium

398 1959 674 2044 bremricham
684 1958 887 2071 (Brynica
896 1953 1066 2064 fluvius)
1077 1983 1172 2038 cum
1181 1955 1430 2038 castoribus.
1444 1965 1486 2040 et
1495 1983 1591 2038 cum
1600 1958 1822 2042 thaberna.
1831 1973 1957 2066 cytoro
1968 1988 2067 2070 pro-

398 2105 455 2188 pe
476 2102 622 2159 seoeor.
647 2087 688 2156 et
710 2075 756 2156 de
777 2071 912 2158 naret.
936 2072 992 2154 ed
1011 2074 1165 2183 uiginti
1185 2081 1326 2156 aratra
1347 2073 1400 2154 de
1421 2072 1541 2161 bone¹
1557 2082 1682 2156 terra.
1715 2077 1875 2158 scilicet
1894 2079 1938 2158 in
1953 2079 2066 2187 posi·

401 2193 472 2276 low
492 2195 537 2294 in
558 2189 765 2276 lnthouice.
784 2193 829 2272 in
848 2187 1043 2272 mokooice
1062 2193 1107 2270 in
1126 2188 1299 2303 torpore.
1319 2191 1363 2270 in
1380 2190 1653 2300 yoseiradyce.
1674 2195 1719 2276 in
1742 2188 1917 2274 Cinocior'
1932 2196 1975 2274 in
1998 2224 2066 2278 ra-

402 2309 538 2408 dimioi
563 2311 606 2391 in
620 2305 857 2422 pridrusr'er‘.
886 2310 932 2388 in
945 2306 1204 2416 prizorodioi.
1235 2309 1279 2388 in
1312 2302 1489 2392 Consors.
1521 2311 1564 2390 in
1593 2305 1794 2392 Gluoltow.
1815 2311 1860 2391 in
1884 2307 2065 2402 Grusoso.

400 2431 444 2511 in
463 2425 670 2512 Rodicors.
701 2427 820 2508 Item·
841 2420 990 2506 Plonslc
1010 2423 1078 2536 (Ἰ).
1100 2423 1290 2537 Zagroce.
1312 2424 1484 2512 Nubere.
1506 2425 1696 2510 Drusow.
1737 2427 1944 2513 Dominus
1976 2428 2067 2510 An-

403 2545 525 2630 dreas
546 2545 761 2628 Ploeensis
782 2542 1033 2650 Episcopus.
1068 2541 1258 2626 Contulit
1277 2541 1528 2626 Bresnt'ot'arn
1564 2571 1662 2626 cum
1683 2541 1789 2627 dure
1809 2547 2067 2636 theutonice.

402 2660 668 2774 Lopeunlearn.
692 2659 878 2742 technam
893 2687 1022 2769 quam
1040 2663 1141 2742 emit
1156 2689 1182 2742 a
1202 2661 1421 2743 vincencio
1440 2671 1483 2744 et
1494 2661 1715 2774 gnalonice.
1732 2664 1893 2747 auroris
1912 2662 2009 2746 salis
2026 2677 2069 2754 et

397 2778 534 2891 pecr'm'
551 2776 606 2892 (⁸)
630 2780 685 2860 ad
704 2805 908 2888 magnum
928 2777 1072 2860 salem.
1106 2776 1261 2862 Comes
1281 2777 1438 2860 danko.
1473 2779 1649 2864 contulit
1680 2780 1733 2860 de
1755 2807 1965 2886 consensu
1994 2779 2069 2890 filii

354 2979 357 2984 .
401 2897 467 2980 sui
489 2897 647 2980 domini
667 2895 851 3004 sulislay.
874 2921 1022 2978 zacrero
1042 2903 1084 2975 et
1099 2896 1275 2979 alteram
1290 2895 1473 2982 zacono..
1481 2896 1685 2980 Zalacum
1702 2895 1755 3012 (θ)
1772 2893 2066 3014 Κο(ο(ῐο((““).

403 3023 446 3096 et
464 3012 613 3096 Rokow
636 3011 724 3126 (¹¹).
759 3011 913 3096 Oomes
952 3011 1228 3116 Sventoslaus
1265 3013 1443 3098 contulit
1476 3009 1673 3100 Dolusr'oe
1702 3025 1746 3098 et
1782 3015 1937 3100 Visuioe
1970 3047 2068 3104 cum

405 3125 605 3214 Chronow.
631 3129 940 3215 Confirmamus
962 3139 1157 3238 preterea
1176 3132 1318 3216 villam
1337 3131 1381 3211 in
1403 3132 1674 3216 castellatura
1705 3131 1981 3217 Oraeouiensi
2011 3140 2067 3218 si-

403 3257 492 3332 tem
512 3249 695 3360 tropicon>
713 3251 871 3332 dietam
888 3249 941 3330 de
958 3277 1046 3359 qua
1066 3250 1257 3334 homines
1280 3257 1446 3332 nostros
1469 3252 1555 3362 qui.
1589 3250 1756 3336 Conare
1774 3249 1847 3363 (¹²)
1872 3251 2067 3341 dicuntur

406 3367 625 3448 eduximus
646 3369 689 3447 in
709 3365 850 3449 uillam
873 3394 957 3477 que
980 3367 1132 3450 dicitur
1152 3367 1258 3450 siche
1278 3365 1410 3479 ipsius
1445 3371 1688 3453 monasterii
1722 3397 1800 3478 per
1836 3384 2069 3455 eommuta-

508 3545 551 3627 (²)
571 3546 763 3617 Klimonww
776 3547 855 3611 ville
869 3547 1019 3634 regionis
1034 3557 1068 3614 et
1081 3547 1261 3632 parochiae
1276 3549 1565 3616 Proszovicensis.

506 3631 549 3712 (θ)
571 3629 742 3718 Stczytuilci
757 3631 834 3696 villa
849 3631 927 3696 olim
942 3631 1090 3718 regionis
1106 3633 1387 3717 Szezyrzyoensis
1411 3633 1512 3699 hodie
1537 3655 1619 3701 vero
1634 3632 1843 3702 Roohnensis
1865 3631 1900 3696 in
1913 3632 2065 3716 Gallicis,

405 3713 584 3802 parochiae
599 3715 819 3781 Brzeziensis.

506 3799 549 3879 (⁴)
570 3796 761 3886 Niepardow
778 3801 813 3862 in
825 3799 944 3886 Regno
960 3799 1130 3884 Poloniee‚
1154 3799 1301 3886 regionis
1322 3799 1597 3894 Prosrovicensis
1610 3824 1679 3900 par.
1695 3801 1999 3889 Niegsrdoviensis.

506 3885 550 3964 (⁵)
571 3883 686 3950 thdno
702 3882 799 3947 etiam
814 3885 962 3970 regionis
976 3885 1253 3951 Proszovicensis
1268 3907 1339 3971 par.
1354 3906 1435 3950 vero
1450 3885 1743 3953 Poborovrcensis.

506 3969 550 4050 (⁶)
577 3969 706 4034 Wadow
717 3968 864 4054 regionis
880 3969 1104 4035 cracoviensis
1119 3969 1207 4050 ville,
1247 3969 1399 4035 arochiae
1415 3970 1458 4034 sd
1471 3972 1652 4036 Ruszczam
1668 3973 1860 4058 spectantis.

423 4135 430 4152 .
506 4051 550 4134 (ἵ)
573 4050 692 4200 (1011εὲ
707 4059 762 4200 εἰ(
771 4052 929 4151 oppidum
943 4053 1154 4200 inlMssovia,
1169 3993 1268 4200 hlodie
1285 4064 1385 4154 ceput
1400 4076 1478 4123 suae
1492 4055 1671 4142 parochiae
1693 4059 1728 4122 in
1750 4057 1907 4124 Plooensi
1930 4057 2066 4144 regione

404 4143 710 4367 {tm;(⁸leddzlddd
722 4231 749 4286 rt
762 4139 972 4304 l'seiidillsdald
982 4139 1269 4309 iirndlrisleidsdddr
1280 4141 1457 4307 llgdtpdlis
1471 4223 1655 4312 privilegiis
1668 4226 1766 4292 etiarn
1781 4193 1902 4292 Penni
1916 4237 1943 4290 et
1960 4224 2066 4293 Corcze

440 4323 503 4368 cun
517 4325 566 4369 ur.

506 4390 549 4466 (⁹)
573 4387 708 4456 Zcbcwa
722 4387 800 4452 villa
814 4389 960 4474 regionis
978 4390 1256 4476 Szeryrzycensis
1272 4413 1341 4476 par.
1357 4389 1571 4459 Wielicensis
1587 4381 1622 4458 in
1636 4390 1786 4461 Gallicis.

506 4473 563 4550 (1⁰)
585 4473 731 4538 Kosocr'ce
744 4471 831 4554 villa,
849 4495 926 4550 suec
942 4475 1120 4559 parochiae
1136 4485 1247 4560 ceput,
1270 4477 1418 4562 regionis
1435 4477 1714 4563 Szczyrzyeensis
1729 4477 1763 4539 in
1778 4473 1928 4542 Gallicis.

506 4556 563 4636 (Π)
585 4555 698 4620 Rolrow
713 4557 747 4620 in
759 4558 893 4640 antiquo
910 4559 1166 4626 Osrieoimiensi
1179 4569 1213 4625 et
1226 4561 1414 4630 Zetoriensi
1437 4561 1569 4643 ducatu,
1596 4582 1664 4626 uon
1678 4559 1797 4645 procul
1811 4559 1852 4625 ab
1868 4562 1951 4627 urbe
1972 4561 2063 4628 dioto

411 4637 582 4707 Wadowiee
593 4637 627 4701 in
643 4638 761 4705 dextra
775 4643 848 4726 ripa
861 4639 1002 4709 fluminis
1019 4643 1155 4710 Soavae.
1266 4663 1270 4669 ·
1627 4649 1630 4657 ⁴

404 4769 410 4794 ι
506 4723 563 4802 (¹⁹)
586 4725 726 4804 Konare,
748 4725 905 4796 konisrze
923 4728 1002 4814 quid
1016 4729 1261 4818 significantur?
1282 4729 1360 4798 vide
1376 4751 1477 4816 supra
1489 4727 1587 4813 hujus
1601 4726 1683 4794 tomi
1697 4701 1944 4798 annotationem
1968 4751 2066 4816 quar·

404 4797 651 4896 tsm'privilegii
665 4808 720 4875 Nr.
732 4809 775 4879 V.
