4930 5922
354 975 431 1059 per
448 945 650 1056 'rapimur
675 947 725 1022 et
753 939 926 1052 insuper
953 939 1128 1026 aliunde
1162 951 1252 1033 mm
1286 939 1471 1026 hostium
1507 933 1637 1054 quam
1673 943 2021 1034 molesteeionum

353 1063 502 1150 iacrrlis
542 1059 827 1144 indesinenter
848 1055 904 1172 (²)
940 1059 1203 1142 stimulamur
1237 1057 1363 1146 nobis
1399 1061 1528 1144 etiam
1561 1061 1703 1145 inuitis
1746 1066 1955 1176 contingit
1972 1076 2022 1152 vt

333 1170 512 1267 'talibus
534 1177 734 1287 occupati
755 1188 875 1258 arma
894 1177 1046 1260 milicie
1069 1177 1294 1262 christiane
1317 1175 1444 1262 saluti
1463 1185 1607 1262 nostre
1628 1183 1870 1266 necessarie
1888 1184 2020 1270 inter-

357 1301 458 1384 dum
476 1297 760 1408 negligamus.
790 1293 859 1382 Ea
878 1304 1051 1404 propter
1071 1319 1247 1376 neeesse
1268 1303 1336 1378 est
1364 1305 1414 1378 vt
1441 1295 1674 1380 remedium
1694 1307 1949 1406 oportunum
1970 1329 2021 1392 ee

355 1425 480 1526 perte
499 1441 586 1526 qua
605 1415 833 1522 possumus
864 1419 1075 1494 annuente
1098 1411 1265 1495 domino
1287 1439 1373 1497 non
1394 1413 1584 1523 segniter
1605 1417 1824 1524 acquirere
1846 1426 2022 1528 satege-

355 1559 463 1616 mus
515 1531 707 1639 Ideoque
741 1553 945 1642 personas
981 1527 1294 1615 ecclesiasticas
1317 1537 1361 1612 et
1380 1530 1563 1614 maxime
1583 1531 1803 1640 religiosas
1824 1535 2021 1631 duximus

356 1651 458 1752 totis
499 1643 727 1730 effectibus
769 1645 1086 1756 amplectendas
1118 1645 1192 1756 qui
1212 1646 1499 1756 spiritualibus
1542 1647 1786 1734 oracionem
1825 1652 2024 1740 videlieet

356 1766 387 1851 d
391 1767 624 1850 cinniorum
655 1761 957 1873 obsequiorum
986 1763 1067 1848 dei
1108 1771 1152 1846 et
1186 1763 1361 1848 aliorum
1401 1765 1590 1848 caritatis
1632 1768 1757 1852 armis
1797 1771 2023 1876 premuniti

355 1911 434 1996 pro
454 1891 572 1965 statu
591 1879 907 1963 christianitatis
930 1889 973 1962 et
991 1877 1171 1964 aedesio
1200 1880 1388 1984 fidelium
1417 1905 1593 1994 quoque
1623 1881 1748 1968 saluti
1778 1894 1927 1970 contra
1946 1917 2023 1974 noe

357 2001 523 2113 quicins
553 1997 791 2107 spirituales
815 2005 858 2081 et
877 1997 1063 2080 hostium
1082 1997 1257 2082 humani
1277 2000 1446 2109 generis
1467 1999 1660 2082 meursus
1682 2001 1884 2086 dimicant
1902 2006 2023 2092 indc-

270 2127 274 2132 “
356 2117 469 2201 lesse
506 2117 784 2229 quatenusin
804 2117 863 2198 eis
885 2109 1109 2224 diligentes
1120 2143 1183 2199 ¹ea
1202 2145 1290 2226 que
1309 2114 1420 2200 forte
1437 2117 1483 2200 in
1502 2115 1627 2200 nobis
1656 2117 1861 2226 virtutum
1891 2139 2022 2229 ‘opera
2165 2161 2178 2190 ·.

357 2261 442 2318 non
470 2227 677 2318 habemus
697 2261 774 2343 per
793 2232 1136 2340 compassionem
1163 2231 1354 2319 fauorem
1385 2234 1699 2344 protectionem·
1712 2245 1755 2316 et
1773 2235 2024 2323 munificen-
2044 2287 2045 2290 κ

252 2381 256 2388 ·
359 2353 470 2434 eiam
500 2358 690 2435 nostram
720 2375 867 2433 eorum
900 2349 1144 2460 deuocionis
1167 2360 1210 2433 et
1227 2349 1422 2435 laborum
1454 2350 1686 2460 participes
1719 2349 1859 2434 effecti
1881 2352 2024 2442 diuine

359 2468 644 2554 misericordie
683 2492 838 2550 munus
870 2493 967 2549 eum
987 2467 1091 2574 ipsis
1113 2475 1156 2550 et
1174 2495 1250 2580 per
1268 2467 1387 2578 ipsos
1407 2468 1573 2552 facilius
1594 2469 1770 2577 assequi
1788 2469 2023 2560 valeamus.

357 2577 473 2670 Hine
495 2583 699 2696 estquod
734 2583 885 2668 domus
921 2577 1251 2668 A'ndreouiensis
1281 2611 1400 2667 sacre
1423 2585 1778 2697 congregacionis
1799 2585 2023 2674 cenobium

359 2699 531 2811 Ordinis
553 2701 899 2812 Cisterciensium
919 2699 1219 2786 Graccuiensis
1241 2701 1437 2811 dijoeesis
1457 2706 1500 2786 in
1519 2729 1609 2813 qua
1629 2713 1873 2788 sanctorum
1899 2730 2025 2814 orga-
2047 2809 2057 2820 .

359 2851 417 2905 na
437 2821 595 2932 ingiter
621 2846 823 2904 resonare
852 2827 1085 2904 noscuntur
1105 2829 1150 2903 et
1170 2821 1302 2904 diuini
1332 2821 1470 2904 cultus
1502 2822 1625 2932 vigor
1648 2830 1690 2904 et
1711 2821 1839 2904 decor
1859 2823 1930 2906 die·
1946 2848 2026 2908 no·

310 2951 314 2957 '
358 2939 520 3051 etuqu'e
556 2935 808 3049 dilrgeneius
846 2946 1093 3022 exercentur
1123 2937 1277 3050 'gracia
1309 2938 1487 3048 specleli
1511 2939 1714 3050 prosequi
1734 2947 1823 3025 tam
1842 2943 1888 3024 in
1907 2965 2026 3024 ease·

360 3056 538 3174 quenda
559 3055 747 3139 vutilitate
783 3083 915 3166 quam
949 3057 1058 3167 pace
1094 3083 1243 3142 eorum
1277 3058 1572 3150 conseruanda
1591 3064 1636 3140 et
1655 3057 1773 3170 quod
1802 3057 2025 3166 prouidere

359 3175 578 3286 cupientes
594 3181 642 3257 vt
657 3182 819 3284 quanto
841 3174 1035 3285 quiecius
1053 3180 1173 3280 tento
1197 3173 1417 3258 efficacius
1437 3175 1596 3258 ibidem
1613 3175 1782 3260 domine
1799 3173 2026 3262 tumuletur

131 3255 135 3262 .
224 3347 227 3358 ·
360 3291 523 3378 Abbati
543 3297 588 3376 et
607 3292 836 3375 commntni
870 3293 1114 3401 supradicte
1152 3293 1303 3377 domus
1334 3293 1390 3374 de
1410 3291 1595 3375 Andreae
1631 3319 1776 3378 coram
1812 3294 1892 3380 deo
1927 3281 2026 3405 pr'02

359 3411 564 3526 mittimus
599 3410 787 3520 ipsorum
822 3410 1044 3522 priuilegia
1079 3421 1169 3494 tem
1205 3441 1233 3494 a
1259 3412 1414 3497 nostris
1464 3410 1842 3520 predecessoribus
1890 3437 2025 3520 qnam

286 3587 302 3604 ,
360 3526 532 3640 anobis
552 3527 765 3612 hactemus
780 3529 958 3613 obtenta
978 3537 1022 3611 et
1045 3528 1088 3610 in
1104 3527 1294 3612 fetuum
1315 3529 1486 3612 domino
1509 3528 1772 3612 concedente
1795 3526 2028 3612 obtinenda

361 3653 619 3734 inconcussa
646 3673 901 3730 conseruare
923 3647 1189 3730 <remandare
1224 3646 1467 3729 conseruari
1489 3654 1532 3728 et
1551 3645 1607 3726 ad
1627 3653 1793 3728 nostros
1833 3649 2026 3751 posteros

359 3765 645 3850 manumittere
681 3765 987 3849 conseruanda
1039 3764 1134 3849 Hiis
1165 3763 1433 3847 nihilominus
1455 3761 1704 3869 adijcientes
1726 3769 1770 3842 et
1789 3759 1845 3846 ob
1866 3760 2028 3848 incole*
2188 3847 2193 3858 ,

361 3885 551 3968 mitatem
587 3890 776 3966 nostram
810 3892 1043 3996 nostreque
1078 3881 1272 3992 coniugis
1306 3884 1516 3992 generose
1551 3879 1721 3962 domine
1742 3877 2027 3989 Kunegundie

340 4001 531 4087 ‘illustris
553 3999 688 4112 Regis
707 3999 1013 4112 Hungarcrum
1033 4001 1118 4084 filie
1139 4000 1220 4082 nec
1241 4025 1326 4082 non
1348 4007 1392 4081 et
1407 3999 1463 4083 ob
1478 3997 1659 4082 salutem
1680 4007 1768 4080 tam
1789 4007 2028 4084 nostrerum

363 4149 493 4232 quam
529 4119 848 4229 progenitorum
884 4128 1124 4204 nostrorum
1154 4117 1387 4200 animarum
1419 4117 1573 4200 Ducali
1592 4115 1851 4228 largicione
1872 4115 2029 4199 (levem
2104 4117 2106 4122 ’

364 4239 418 4318 de
438 4237 658 4322 voluntate
681 4245 725 4318 et
745 4261 956 4333 consensu
990 4237 1181 4345 predicte
1219 4235 1412 4347 coniugis
1448 4244 1589 4319 nostre
1613 4243 1656 4315 et
1674 4241 1911 4316 nostrorum
1941 4229 2028 4313 Be-

361 4379 512 4440 ronum
542 4352 763 4438 Warsonis
798 4353 996 4438 videlicet
1031 4353 1273 4439 castellani.
1324 4353 1439 4438 Petri
1469 4352 1647 4462 palatini
1669 4347 1964 4434 Oracouiensis
1986 4359 2030 4433 et

307 4499 309 4506 ⁴
363 4473 540 4557 eliorum
571 4469 775 4555 nobilium
807 4480 920 4554 terre
956 4481 1099 4556 nostre
1135 4494 1313 4554 assensu
1334 4481 1378 4554 et
1398 4469 1713 4554 collaudacione
1744 4465 2028 4551 concedentes
2132 4512 2136 4523 ·

361 4599 410 4675 vt
430 4585 554 4673 dictis
581 4583 753 4715 ,Abbati
784 4599 833 4696 ⁴et
870 4579 1112 4676 Conuentui
1145 4589 1300 4675 locare¹
1322 4589 1450 4672 liceat
1470 4595 1521 4680 et
1532 4585 1761 4670 hedificare
1798 4569 2028 4672 Oirritbtem

468 4855 512 4938 (²)
531 4853 577 4920 Et
591 4853 624 4919 in
639 4802 835 4942 apographo
849 4853 1100 4922 Muczkowscii:
1123 4857 1341 4937 inminenter,
1356 4851 1486 4956 legitur.
