4856 5932
1024 667 1421 742 1-384-

457 876 624 964 cialium
636 883 680 960 et
688 868 1016 956 ministerialium
1039 861 1360 982 eorumdem(³)‚
1376 867 1497 955 nobis
1514 867 1744 954 monetavit
1756 867 1855 982 (sic)
1874 877 1916 953 et
1924 871 2107 956 ostendit

457 1026 535 1111 pro
555 1004 676 1108 parte
697 989 866 1076 abbatis
889 997 931 1074 et
952 997 1187 1073 conuentus
1209 989 1381 1074 claustri
1404 998 1447 1074 et
1467 987 1622 1072 ordinis
1643 987 1940 1099 predictorum,
1962 989 2107 1076 humili

456 1144 630 1230 precum
648 1109 858 1196 instancia
880 1107 1167 1220 supplicando,
1190 1119 1401 1222 quatenus
1420 1107 1568 1193 litteris
1588 1108 1740 1192 nostris
1767 1107 2009 1220 huiusmodj
2030 1109 2108 1196 bo-

370 1331 375 1342 ,
456 1265 512 1321 na
533 1244 576 1318 et
594 1232 729 1338 uillas,
752 1239 1050 1342 cmetonesque
1071 1237 1116 1311 et
1133 1227 1292 1316 incolas
1329 1225 1584 1332 earumdem,
1606 1235 1650 1310 et
1667 1251 1744 1311 nos
1766 1226 1961 1335 eximere,
1982 1228 2109 1314 liber·

454 1364 558 1460 tare,
579 1361 623 1434 et
644 1349 865 1436 absolvere
888 1347 1168 1459 dignaremur,
1199 1347 1316 1432 iuxta
1345 1345 1587 1432 earumdem
1616 1345 1926 1430 continenciam
1944 1347 2107 1432 littera·

453 1502 559 1560 rum.
589 1471 680 1557 Nos
700 1496 802 1554 uero
823 1465 1104 1578 peticionibus
1141 1466 1380 1553 huiusmodi
1415 1479 1619 1574 tanquam
1655 1463 1776 1548 iusu‘s
1814 1475 1856 1550 et
1890 1466 2108 1580 legittimis

454 1591 642 1678 inclinati
662 1599 705 1672 et
726 1585 921 1698 specialis
940 1585 1183 1670 deuocionis
1200 1583 1302 1671 Zelo
1320 1587 1499 1694 accensi,
1521 1585 1705 1670 omnium
1727 1571 1976 1697 etsingulos
1995 1587 2108 1673 omni

434 1721 501 1824 et
521 1711 778 1822 singrdarum
800 1705 990 1790 uillarum
1012 1703 1239 1790 Ometones
1262 1715 1305 1788 et
1323 1707 1482 1812 incolas
1519 1705 1575 1808 ad
1606 1703 1834 1788 claustrum
1871 1706 2107 1816 predictum

335 1888 337 1897 ι
458 1828 776 1944 quomodolibet
805 1833 848 1910 et
868 1852 920 1908 ex
940 1850 1213 1936 quocumque
1248 1837 1447 1935 respectu
1482 1824 1788 1934 spectancium,
1825 1824 1880 1909 ab
1911 1824 2105 1911 omuibus

457 1951 611 2038 nostris
631 1944 866 2060 Regalibus
890 1942 1192 2047 exactionibus,
1209 1942 1468 2046 dacionibus,
1487 1941 1686 2048 collectis,
1704 1943 2107 2054 contribucionibus,

456 2069 635 2170 tributis,
655 2065 749 2177 sepi,
781 2089 921 2170 uerter
940 2062 1170 2175 vulgariter
1184 2059 1377 2175 perediae
1408 2060 1657 2167 Croliestlruo,
1693 2063 1919 2168 conductu,
1956 2064 2107 2150 ductu·

346 2269 352 2282 ,
455 2191 524 2292 ris,
545 2187 742 2290 uecturis,
756 2181 982 2296 poduode's„
1001 2211 1027 2264 a
1054 2179 1269 2266 laboribus
1292 2209 1501 2293 agrorum,
1521 2182 1734 2286 messium,
1754 2191 1983 2291 pratorum,
1999 2212 2107 2294 pon-

458 2311 581 2414 cium,
604 2314 647 2392 et
664 2303 720 2387 ab
743 2297 936 2388 omnibus
958 2301 1143 2388 omnium
1178 2300 1322 2413 Regni
1355 2302 1487 2386 nostri
1521 2299 1806 2386 Palatinorum
1842 2300 2105 2388 Castellano·

455 2457 560 2530 rum,
589 2425 918 2532 capitaneorum.
959 2417 1174 2524 dudicum,
1209 2421 1489 2525 subiudieum,
1511 2418 1747 2526 oficialium,
1783 2429 1826 2502 et
1859 2421 2103 2530 quorumvis

457 2545 699 2634 eorumdem
719 2541 918 2654 angariis,
939 2541 1214 2652 preangariis,
1229 2537 1587 2648 jurisdicionibus,
1623 2538 2033 2652 perturbacionibus‚
2063 2550 2106 2624 et

409 2755 414 2762 ,
457 2663 658 2752 molestiis
676 2661 893 2764 vniversis,
915 2661 1146 2762 eximimus,
1169 2660 1439 2764 absoluimus,
1472 2668 1515 2742 et
1541 2657 1799 2765 libertamus,
1833 2658 2108 2745 libertacioue

456 2792 663 2900 perpetua
683 2792 726 2863 et
746 2789 902 2864 eterna.
948 2776 1080 2864 Vobis
1101 2779 1231 2890 igitur
1252 2779 1444 2862 omnibus
1477 2787 1521 2862 et
1550 2778 1727 2893 singulis
1760 2777 2013 2890 supradictis
2034 2777 2106 2864 fir·
2230 2813 2232 2818 ’

457 2904 653 2990 missimis
672 2901 824 2985 nostris
845 2895 1079 3010 Regalibus
1110 2897 1321 2982 demusin
1341 2899 1563 3004 mandatis,
1597 2908 1809 3008 quatenus
1832 2899 1945 2986 bona
1968 2908 2010 2982 et
2028 2897 2107 2982 uil-

416 3053 419 3058 ·
456 3025 520 3112 las
550 3019 800 3128 huiusmodj,
830 3027 1132 3126 cmetonesque
1165 3027 1207 3100 et
1237 3017 1403 3102 Incolas
1435 3017 1686 3124 earumdem,
1719 3019 1831 3102 circa
1861 3017 1970 3102 hanc
2000 3017 2103 3128 ipsis

459 3145 604 3232 datam
625 3150 667 3223 et
686 3163 932 3224 concessam
953 3167 980 3222 a
998 3136 1120 3222 nobis
1152 3138 1339 3250 graciam
1370 3145 1414 3221 et
1441 3137 1693 3241 libertatem,
1730 3135 1947 3222 dimittatis
1978 3145 2022 3222 et
2042 3137 2105 3220 di·

433 3339 436 3358 .
458 3262 569 3352 mitti
587 3259 752 3344 faciatis
782 3256 896 3340 nulla
924 3255 1223 3364 impedimenta
1242 3257 1285 3338 in
1305 3255 1498 3341 omnibus
1529 3258 1785 3367 prescriptis,
1816 3259 1876 3342 eis
1898 3263 1973 3340 aut
1993 3255 2107 3366 ipso·

459 3413 551 3472 rum
572 3379 697 3464 alicui
715 3375 867 3460 inferre
897 3378 1206 3486 presumeretis,
1243 3373 1320 3458 sed
1351 3402 1423 3468 eos
1455 3378 1569 3460 circa
1600 3377 1838 3488 huiusmodj
1870 3375 2107 3462 libertatem

463 3500 749 3609 debeatisper
770 3496 910 3580 omnia
931 3521 1195 3600 conservare,
1227 3521 1334 3606 quos
1366 3503 1409 3578 et
1438 3523 1514 3582 nos
1545 3496 1812 3604 presentibus
1846 3496 2107 3584 decernimus

461 3615 785 3708 conservandos.
816 3613 981 3700 Harum
1002 3615 1156 3726 quibus
1173 3614 1354 3726 sigillum
1375 3626 1562 3700 nostrum
1585 3625 1649 3698 est
1664 3644 1899 3725 appensum
1914 3617 2107 3700 testimo·

459 3743 529 3828 nio
549 3739 791 3822 litterarum.
823 3736 979 3818 Actum
998 3733 1041 3815 in
1062 3733 1264 3818 Lunczutt
1295 3734 1362 3816 dic
1385 3735 1591 3820 dominico
1623 3762 1709 3846 quo
1742 3744 1939 3820 cantatur
1966 3735 2011 3816 in
2033 3761 2104 3816 ec·

462 3859 592 3948 clesia
612 3855 768 3938 domini
788 3852 978 3940 dubilatc
999 3851 1092 3938 Deo
1121 3856 1255 3939 omnis
1276 3863 1400 3956 terra,
1432 3881 1540 3938 anno
1573 3853 1728 3938 domini
1758 3853 1975 3938 millesimo
1999 3877 2107 3960 qua-

463 3977 791 4090 dringentesimo
812 3975 1019 4083 nigesimo
1041 3974 1183 4079 tercio,
1205 3971 1471 4084 presentibus
1487 3973 1644 4058 ibidem
1660 3973 1908 4058 Reverendo
1924 3975 1968 4054 in
1985 3969 2108 4056 Chri·

462 4109 528 4188 sto
549 4103 669 4208 patre
692 4091 858 4175 domino
890 4090 1057 4176 Joanne
1080 4093 1147 4174 dei
1168 4093 1312 4200 gracia
1341 4092 1554 4205 Episcopo
1590 4091 1882 4198 Premisliensi‚
1912 4119 1993 4176 nec
2023 4117 2109 4174 non
2148 4185 2153 4194 ,

460 4212 710 4331 magnificis,
730 4210 909 4292 strenuis
932 4219 973 4290 et
992 4208 1204 4294 nobilibus
1227 4201 1631 4322 uiris‚‘Sandiuogio
1655 4211 1705 4294 de
1729 4210 1917 4326 Ostrordp
1947 4210 2112 4296 Poena-

462 4337 610 4441 niensi,
641 4329 809 4416 Jacobo
842 4329 893 4412 de
927 4323 1168 4439 Coniecpolic
1205 4326 1433 4417 Siradiensi
1463 4329 1692 4440 Pallatinis3
1724 4331 1917 4416 Mosticio
1949 4330 2119 4430 Poena,

461 4459 607 4561 niensi,
630 4451 821 4562 Sbigneo
844 4445 898 4562 (⁴)
919 4446 1179 4556 Rospiriensi
1197 4446 1460 4534 Castellanis:
1484 4448 1689 4560 Spitkone
1706 4452 1757 4533 dc
1774 4451 1988 4534 Tlearnouu
2005 4457 2107 4534 tunc

342 4637 359 4676 χ
420 4579 699 4705 ,capitaneo
721 4571 874 4678 Russie
896 4567 1095 4681 generali,
1118 4577 1160 4649 et
1180 4568 1269 4652 aliis
1291 4597 1421 4680 quam
1441 4568 1625 4682 plurimis
1645 4568 1840 4656 fidelibus
1869 4567 2107 4684 fidedignis.

434 4804 437 4813 ν
570 4761 607 4840 (⁸)
630 4755 715 4823 Vide
730 4755 813 4820 hanc
828 4753 970 4822 tabulam
986 4749 1046 4818 sub
1064 4773 1148 4816 anno
1166 4753 1257 4818 1351.

571 4843 609 4926 (⁴)
635 4839 782 4928 Stipaeue
798 4839 838 4907 de
853 4839 1054 4916 Altomonte,
1070 4862 1087 4902 z
1103 4837 1277 4925 Wysokidj
1293 4835 1397 4926 Gdry,
1420 4837 1496 4906 vide
1510 4835 1654 4906 tabulam
1678 4837 1825 4926 proxime
1851 4837 2111 4926 praecedentem.
