4952 5926
1095 719 1343 790 ..15-

390 903 648 1030 contulj'pro
669 918 755 1000 iam
777 915 890 999 dicto
921 909 1068 1002 labore
1103 919 1230 1000 castri
1260 915 1354 998 mei.
1400 909 1568 995 Smolr'ec
1590 912 1655 1025 (θ)
1688 920 2047 1011 cum-hominibus

326 1043 328 1048 ’
391 1047 436 1119 et
458 1042 572 1132 omni
586 1039 681 1145 jure
703 1035 820 1146 quod
842 1033 986 1115 adme
1007 1035 1262 1142 pertinebat.
1299 1041 1340 1114 et
1361 1029 1515 1142 Zaqore
1538 1029 1592 1142 (Ἰ)
1614 1033 1689 1112 ubi
1710 1037 1824 1138 prius
1847 1041 1957 1124 sedit
1971 1044 2050 1128 ho-

390 1157 460 1240 mo
481 1182 603 1240 meus
625 1153 792 1238 nomine
816 1151 949 1234 Vikel.
972 1153 1052 1234 sub
1076 1153 1227 1234 eodem
1248 1159 1395 1232 tenore
1418 1175 1514 1229 cum
1535 1149 1777 1234 hominibus
1812 1159 1982 1266 contulj.
2008 1171 2069 1244 et·
2174 1237 2176 1240 ,

387 1269 683 1354 Roscoclouiee
716 1268 780 1382 (ὃ)
813 1297 911 1349 cum
936 1269 1176 1351 hominibus
1209 1277 1251 1348 et
1287 1267 1400 1349 omni
1427 1267 1517 1346 iure
1548 1293 1703 1357 eorum.
1746 1268 1967 1354 Roscouz'ce
1994 1278 2048 1388 (θ)

388 1416 487 1468 cum
507 1386 748 1471 hominibus
770 1395 813 1468 et
834 1386 1056 1468 omni'iure
1079 1413 1237 1468 eorum.
1263 1395 1305 1466 et
1324 1385 1402 1466 has
1423 1383 1635 1490 predictas
1656 1385 1775 1466 uillas
1799 1397 1841 1467 et
1856 1389 2049 1475 homines

391 1531 535 1588 eorum
566 1506 641 1614 qui
663 1531 736 1588 eus
757 1502 1086 1584 inhabitauerint
1104 1502 1228 1610 pleno
1250 1505 1340 1584 iure
1363 1511 1405 1582 et
1427 1503 1540 1583 omni
1559 1501 1755 1583 libertate
1775 1504 1886 1587 sicut
1920 1510 2049 1614 priui-

385 1621 546 1730 legium
581 1620 715 1702 habet
750 1609 1037 1701 scemorensis
1074 1619 1251 1700 ecclesie
1273 1617 1347 1732 (¹⁰)
1379 1620 1463 1700 tale
1494 1621 1558 1699 ius
1592 1628 1635 1700 et
1654 1621 1783 1702 talem
1812 1622 2050 1708 libertatem

390 1738 581 1820 concedo
603 1738 774 1819 habere.
799 1747 841 1818 et
861 1763 945 1846 que
966 1737 1058 1817 iura
1079 1765 1196 1820 more
1226 1738 1423 1844 polonico
1455 1736 1557 1820 mihi
1586 1739 1858 1844 pertinebant
1888 1743 1957 1824 uel
1977 1772 2049 1825 ca-

387 1855 574 1936 stellanis
596 1855 699 1936 meis
720 1853 776 1936 ab
799 1853 995 1938 omnibus
1027 1855 1106 1936 hiis
1136 1855 1205 1936 uel
1236 1881 1509 1965 quecumque
1538 1862 1639 1960 post
1668 1879 1746 1937 nos
1778 1855 2049 1966 aliquauer*

387 1972 507 2053 sucis
528 1970 625 2083 (sic)
646 1981 826 2080 possunt
844 1971 936 2052 fieri
957 1973 1042 2052 sint
1060 1971 1250 2080 predicte
1280 1971 1376 2053 uille
1406 1999 1481 2078 per
1513 1997 1580 2086 me
1600 1968 1730 2052 libere
1763 1982 1805 2052 et
1838 1974 2047 2062 absolute.

387 2090 465 2170 se'd
493 2088 649 2171 Comiti
671 2089 881 2174 Clementi
899 2090 988 2170 iure
1008 2089 1261 2172 hereditario
1294 2089 1376 2168 hec
1408 2088 1550 2170 omnis
1582 2086 1749 2168 cedant.
1794 2090 1974 2200 Insuper
2006 2106 2050 2180 et

386 2215 576 2288 castores
598 2207 640 2286 in
661 2207 767 2288 visla
789 2207 844 2289 ab
866 2233 950 2289 uno
970 2209 1092 2290 litore
1113 2207 1303 2289 eiusdem
1316 2204 1507 2289 fluminis
1530 2203 1584 2284 ab
1607 2205 1676 2288 illo
1697 2205 1792 2288 loco
1812 2207 1888 2288 ubi
1919 2210 2049 2295 intrat

387 2323 582 2404 fluuiolus
605 2321 761 2404 electe!
781 2321 864 2436 (¹¹)
886 2323 934 2402 in·
950 2325 1100 2406 uislam
1133 2333 1175 2406 et
1205 2323 1360 2404 abhinc
1396 2349 1533 2433 usque
1568 2321 1613 2402 in
1647 2323 1762 2404 illum
1796 2323 1938 2405 locum
1972 2331 2048 2412 ubi

255 2456 264 2464 ·
386 2441 516 2521 intrat
545 2439 740 2523 fluuiolus
771 2437 927 2522 colesea
948 2437 1032 2552 (¹²)
1054 2445 1097 2522 in
1116 2442 1277 2524 vislam.
1311 2449 1355 2522 et
1386 2441 1537 2522 dei'nde
1565 2437 1641 2521 ubi
1671 2441 1800 2522 intrat
1829 2469 1952 2522 scorto
1973 2443 2047 2556 (¹³)

385 2556 538 2666 fluuius
558 2559 603 2638 in
623 2558 773 2639 uislam
794 2568 838 2639 et
858 2585 995 2667 usque
1016 2560 1057 2638 in
1078 2560 1297 2668 nauigium
1316 2585 1522 2666 magnum
1557 2555 1682 2639 ambo
1713 2568 1864 2638 tenens
1895 2560 1939 2638 in
1969 2587 2047 2647 suo

386 2671 475 2755 iure
496 2675 631 2759 litora.
678 2676 729 2758 In
752 2672 921 2756 Oclesnc
943 2685 1085 2758 autem
1106 2679 1141 2758 si
1162 2676 1335 2786 quando
1357 2673 1513 2756 fuerint
1533 2681 1734 2777 castores,
1769 2675 1927 2758 Oomiti
1949 2676 2054 2760 Cle-s

387 2793 520 2872 menti
541 2794 708 2873 cedent.
733 2801 774 2874 et
794 2791 980 2872 similiter
1014 2794 1058 2872 in
1092 2789 1256 2874 Clectel
1287 2793 1474 2874 eiusdem
1506 2800 1638 2874 erunt.
1671 2819 1808 2902 usque
1841 2795 1884 2873 in
1904 2796 2049 2877 termi-

387 2935 465 2991 nos
499 2907 677 2992 Comitis
711 2907 987 3016 Ohothemirj.
1021 2911 1095 3020 qui
1124 2909 1300 2991 ueniunt
1338 2911 1383 2991 in
1427 2905 1628 2990 Chronoro.
1674 2907 1846 2992 Contuli
1874 2913 2047 3022 insuper

387 3023 488 3106 alias
509 3027 629 3108 villas
651 3027 869 3110 hominum
890 3053 1079 3108 meorum
1101 3028 1176 3138 qui
1195 3027 1343 3136 lingua
1362 3025 1562 3134 polonica
1577 3027 1822 3110 narochnici
1838 3029 2045 3114 dicuntsu.

388 3143 501 3223 circa
523 3143 775 3227 Oracouiam
795 3142 1119 3254 respicientibus
1142 3144 1197 3225 ad
1216 3145 1366 3252 viginti
1378 3154 1519 3226 aratra
1539 3171 1698 3254 magna
1720 3145 1772 3226 de
1792 3145 1908 3230 bona
1923 3155 2046 3231 terre..

386 3258 429 3338 in
458 3257 624 3367 posilow
667 3258 755 3371 (¹⁴).
810 3262 857 3342 in
890 3259 1056 3341 lutozn'cr'
1084 3260 1172 3374 (¹⁵).
1219 3261 1262 3342 in
1297 3262 1490 3370 mococt'cj
1522 3259 1609 3373 (¹⁰).
1657 3264 1701 3344 in
1737 3261 1913 3374 Karpow
1956 3262 2044 3376 (¹⁷).

385 3373 429 3456 in
472 3373 757 3460 Goscirodicli.
793 3375 879 3492 (¹⁸).
922 3378 964 3458 in
995 3375 1171 3461 Cicocr'oc'
1202 3375 1290 3492 (¹⁹).
1337 3379 1380 3460 in
1420 3373 1625 3461 Racimt'cr'
1661 3376 1748 3491 (⁹⁰).
1786 3381 1829 3462 in
1850 3379 2047 3488 pridrum·

494 3557 539 3637 (ὃ)
560 3555 694 3624 Smolice
709 3557 786 3623 villa
799 3559 841 3626 ad
855 3558 1017 3626 Vistulem
1031 3560 1142 3624 vicina
1155 3561 1356 3626 Zatoriensis
1369 3561 1462 3625 urbis
1480 3570 1513 3625 ct
1526 3555 1668 3624 fluminis
1684 3558 1774 3642 quod
1789 3559 1908 3624 dicitur
1920 3557 2048 3624 Skawa.

494 3641 539 3722 (⁷)
562 3643 699 3730 Zogorra
713 3641 922 3711 llcussiensis
937 3645 1096 3729 regionis,
1112 3643 1289 3729 parochiae
1305 3667 1385 3707 vero
1401 3645 1496 3718 villae
1509 3639 1625 3710 Niwki.

489 3727 533 3806 (θ)
554 3726 734 3792 Haeevilla
747 3727 804 3792 ubi
817 3729 966 3792 locorum
985 3728 1043 3791 sit?
1066 3730 1241 3793 nescimus.

489 3811 534 3890 (⁹)
553 3811 731 3908 lloskouice
748 3811 825 3875 villa
844 3810 983 3877 ducatus
999 3811 1191 3897 Opcliensis
1205 3812 1304 3880 hodie
1319 3809 1479 3895 Rosdorl,
1502 3809 1562 3876 sed
1583 3808 1703 3876 deulia
1724 3807 1789 3876 hoc
1809 3808 1887 3876 loco
1908 3810 2044 3890 mentio,

390 3893 1049 4064 quae,(llllllbtitiilscsirgliioviigiiillrmoilie
1068 3977 1224 4061 Szweryn
1239 3978 1273 4043 in
1288 3979 1377 4078 Meg.
1390 3980 1475 4046 Duc.
1491 3979 1721 4046 Posnaniensi.
2140 4052 2143 4063 ,
2222 4049 2225 4056 ,

489 4062 548 4142 (¹¹)
570 4061 704 4128 Ctecllo
718 4062 841 4129 rivulus
863 4064 896 4128 in
912 4065 1019 4128 veteri
1042 4063 1274 4130 Cracoviensis
1310 4064 1522 4148 Reipublicae
1544 4065 1725 4147 territorio,
1746 4062 1908 4130 Vistulcm
1926 4060 2045 4127 influit.

487 4146 544 4226 (¹²)
568 4145 700 4211 Olclesna
715 4149 811 4212 etiam
827 4148 861 4212 in
875 4147 1092 4214 Crncoviensi
1104 4147 1283 4226 territorio,
1301 4147 1464 4217 Vistulam
1473 4145 1589 4214 influit.

489 4231 547 4310 (¹³)
568 4229 681 4296 Skawa
695 4229 815 4296 fluvius
830 4233 864 4295 in
879 4231 996 4317 Regno
1013 4229 1185 4297 Galliciac.

488 4314 546 4392 (¹⁴)
569 4313 708 4380 Posilow
728 4315 806 4379 ville
821 4315 1107 4384 Szlralbmiriensis
1122 4314 1280 4400 regionis,
1296 4315 1473 4400 parochiae
1495 4315 1773 4384 Kosoielecensis.

489 4397 547 4520 (ἰέ)
568 4399 727 4498 Fortasse
742 4400 916 4498 Euszowice
929 4399 1008 4498 villa
1021 4400 1055 4463 in
1071 4400 1206 4496 antiqua
1221 4397 1434 4497 Cracoviensi
1453 4400 1631 4484 republica.

487 4482 547 4643 illi
560 4482 1521 4651 libili&vlillsiijzrisllgrirnribsmiirislliiiiliriiibliocliiigensu‚
1529 4566 1676 4652 regionis
1685 4585 1765 4629 vero
1776 4561 2046 4647 Szydlowiensis.

285 4713 291 4720 ,
488 4648 547 4727 (¹³)
569 4646 643 4713 Non
657 4649 850 4715 invenimus

424 4727 427 4734 ’
489 4732 547 4808 (¹⁹)
568 4729 642 4796 Non
657 4731 851 4799 invenimus.
982 4733 991 4754 ‘

488 4815 545 4896 (²⁰)
566 4817 749 4882 Raunmicae
762 4817 841 4880 vills
859 4817 1059 4901 paroehialis
1074 4817 1350 4884 Proszovicensis
1365 4815 1524 4902 regionis.
