4890 5924
1016 623 1374 738 ‘'-rao-

362 939 369 952 ,
399 859 641 943 Hanussius
664 863 706 938 et
726 853 791 935 sui
811 845 1198 933 succedanei‘duas
1219 854 1458 960 partes-pro
1476 837 1603 942 ¹nobis
1618 842 1877 943 reseruando
1893 849 2072 930 terciam
2103 911 2105 916 .

399 995 475 1086 pro
497 1003 544 1058 se
564 972 798 1083 percipient
817 975 861 1050 et
881 964 1115 1050 habebunt.
1157 961 1283 1046 Oirca
1302 986 1406 1044 uero·
1425 959 1721 1068 reparacioncs
1744 962 2071 1048 attinenciorum
2183 1009 2187 1022 ·

400 1090 644 1192 molendini,
682 1115 779 1168 cum
815 1085 959 1194 aliqua
988 1082 1144 1164 fuerint
1175 1080 1393 1162 destructa
1413 1100 1491 1159 nos
1514 1075 1619 1158 duas
1640 1087 1784 1184 portes
1809 1079 2070 1164 denaiorium
2126 1127 2135 1140 ·

402 1212 556 1318 etipse
576 1205 826 1290 Hanussius-
853 1228 951 1282 cum
973 1201 1061 1281 suis
1083 1195 1400 1281 successoribus
1436 1197 1601 1302 partein
1637 1195 1813 1277 terciam
1850 1197 2070 1306 impende·

313 1355 318 1368 ’
399 1349 505 1424 mus,
528 1320 613 1406 Sed
636 1319 804 1404 omnino
825 1319 917 1427 ipse
938 1314 1180 1398 Hunussius
1202 1323 1245 1396 et
1265 1313 1330 1394 sui
1351 1336 1621 1393 successores
1653 1311 1809 1394 nnllam
1840 1315 2067 1397 utilitatem

264 1483 265 1488 Ν
398 1442 577 1550 piscium
597 1433 822 1519 habebunt
839 1435 883 1518 in
906 1433 1020 1514 dicta
1039 1430 1215 1540 piscina.
1264 1429 1463 1513 Ceterum
1484 1427 1646 1518 licitum
1665 1431 1745 1510 erit
1764 1430 1955 1537 predicto
1978 1431 2070 1516 Ha·

346 1593 349 1600 ¹
398 1557 542 1640 nussio
565 1583 661 1637 cum
682 1555 770 1636 suis
790 1551 980 1660 posteris
1003 1547 1241 1658 predictam
1272 1573 1392 1628 suam
1424 1545 1600 1626 terciam
1621 1555 1784 1652 partem
1805 1546 1956 1656 prelati
1976 1577 2068 1635 mo·
2153 1625 2157 1631 .

333 1773 340 1782 ¹
398 1673 558 1757 lendini
599 1672 757 1755 donare
789 1679 833 1750 et
861 1667 1042 1752 vendere
1076 1665 1132 1748 de
1149 1663 1368 1748 uoluntate
1405 1672 1568 1766 nostra,
1609 1683 1787 1770 persone
1824 1692 1907 1774 que
1944 1665 2074 1750 nobis-

398 1788 602 1900 plucebit,
633 1789 684 1871 In
706 1786 824 1868 cuius
845 1783 906 1866 rei
925 1782 1211 1868 testimonium
1245 1778 1512 1890 presentibus
1549 1787 1740 1862 nostrum
1781 1781 1963 1890 sigillum
2000 1796 2067 1867 est
2138 1837 2143 1844 -

399 1932 648 2018 appensum.
698 1903 857 1984 Actum
876 1903 920 1980 in
943 1899 1104 2009 Sydlow
1128 1900 1195 1982 die
1217 1899 1431 1982 dominica
1452 1925 1540 2007 qua
1559 1905 1759 1979 cantatur
1780 1897 2069 1984 Reminiscere

397 2026 522 2108 Anno
545 2020 700 2105 domini
720 2018 882 2133 MOCO
905 2014 1245 2130 Quadragesimo
1263 2017 1462 2125 septimo,
1479 2007 1751 2098 Presentibns
1773 2015 1853 2124 hijs
1875 2016 2068 2124 testibus,

254 2145 258 2148 ’
397 2140 588 2226 Dominis
623 2137 794 2222 Joanne
829 2135 936 2218 dura
970 2134 1301 2219 Sandomiriensi
1318 2134 1533 2238 J'alatinm
1557 2121 1767 2217 Stanis'lao
1791 2131 2067 2218 Oraoouiensi

396 2257 615 2343 Abraham
646 2253 1002 2357 'Sandomiriensi‚
1040 2249 1365 2359 Subpincemis,
1409 2249 1614 2360 Sethegio
1655 2249 1862 2360 Agazone
1905 2251 2064 2337 Craco-

395 2373 542 2475 uiensi,
563 2367 811 2456 Wilozcone
835 2369 1117 2478 Subdapifero
1140 2368 1537 2452 Sandomiriensi-et
1557 2363 1589 2450 J
1591 2367 1762 2451 ohanne
1784 2368 1953 2452 doctore
1974 2369 2060 2450 De-

396 2501 607 2576 cretorum
629 2487 847 2572 Oanonioo
869 2485 1227 2590 Wratislauiensi,
1260 2487 1406 2570 datrrm
1428 2494 1473 2570 et
1492 2486 1695 2595 scriptum
1715 2513 1791 2595 per
1811 2513 1961 2599 manus
1982 2481 2061 2569 ‹lo-
2188 2527 2191 2534 ·

276 2681 281 2688 .
394 2609 545 2692 hannis
567 2603 621 2688 de
641 2603 781 2688 Bucco
803 2604 859 2716 (⁴)
880 2603 1044 2688 Notarii
1066 2603 1194 2688 (luris
1214 2612 1370 2688 nostre.
2000 2622 2007 2630 '

502 2822 545 2905 (⁴)
567 2791 687 2902 Furto,
699 2818 779 2886 urbs
795 2817 1029 2888 Stcbnioensis
1045 2819 1194 2908 regionis
1208 2819 1244 2886 i'n
1258 2819 1376 2904 Regno
1394 2817 1563 2886 Poloniae.

1073 3273 1078 3284 ·
1149 3227 1307 3344 ΧΟΙΧ.

734 3453 1538 3612 cracoviae—2301unttld48
1556 3499 1723 3567 anuo.

390 3677 581 3790 indicum
601 3697 788 3773 muttonis
809 3643 865 3772 reu
880 3697 1042 3772 trutinis
1056 3699 1151 3773 viltro
1167 3685 1346 3766 Btnorowd
1367 3689 1649 3768 rvuslnrlrt
1670 3713 1783 3788 nrgno
1796 3649 1903 3770 utun
1919 3697 2060 3772 dinem

966 3800 1042 3873 virts
1063 3799 1186 3873 dircite
1199 3801 1233 3872 rt
1246 3799 1414 3872 iterumne
1427 3797 1481 3884 (Ι).

493 4001 545 4085 In
565 4003 733 4087 nomine
771 3955 938 4087 domini.
975 4005 1127 4104 Amen.
1190 4002 1316 4104 Quod
1356 4005 1587 4115 magnifica
1625 4003 1795 4115 Regum
1836 3947 2057 4115 Megestos
2107 4017 2114 4026 '

389 4120 531 4204 facere
564 4119 754 4204 decrevit
782 4123 965 4205 maxime
985 4122 1041 4204 ad
1062 4123 1287 4206 utilitatem
1308 4122 1374 4206 sui
1394 4121 1537 4234 Regni
1559 4120 1687 4222 debet
1707 4149 1801 4206 esse
1820 4121 1988 4206 firmum
2011 4129 2056 4205 et
2152 4219 2155 4224 Ι

388 4237 541 4323 stabile
575 4235 793 4349 roburque
828 4247 1034 4347 perpetue
1054 4238 1264 4346 firmitatis
1287 4238 1488 4325 obtinere.
1550 4240 1687 4354 Igitur
1706 4241 1797 4325 Nos
1817 4239 2057 4324 Kezimirus

390 4354 457 4437 dei
497 4356 645 4468 gracia
685 4355 779 4446 Rex
818 4356 991 4442 Polonie
1026 4357 1068 4442 N
1070 4367 1186 4444 otum
1222 4355 1400 4444 facimus
1415 4435 1419 4440 .
1437 4357 1645 4446 universis
1675 4367 1765 4444 tam
1785 4355 2055 4468 presentibus
2093 4453 2097 4458 ,
2235 4463 2238 4468 Δ

491 4587 535 4671 (¹)
556 4587 762 4674 Lepkowski
777 4587 957 4674 descripsit
979 4612 997 4656 e
1013 4588 1124 4655 tabula
1137 4589 1328 4658 authentica
1341 4589 1442 4656 hodie
1457 4591 1491 4654 in
1507 4562 1687 4655 Tabulario
1702 4587 1795 4656 urbis
1809 4547 1913 4668 Biora
1930 4589 1964 4653 in
1979 4585 2057 4656 Gel-
2156 4625 2166 4634 -

386 4668 464 4735 licie
477 4666 585 4736 diotre
600 4680 781 4756 asservata,
797 4683 831 4739 et
847 4671 948 4740 docet
963 4695 1027 4741 nos
1043 4673 1085 4739 de
1100 4671 1198 4741 villae
1214 4676 1386 4743 Rinorowc
1399 4673 1602 4742 mentionem
1615 4672 1679 4742 hac
1697 4695 1784 4744 esse.
1804 4673 1919 4740 Locus
1933 4669 2010 4736 ville
2022 4677 2055 4734 et

243 4847 248 4864 x
384 4763 501 4842 tenore
516 4752 621 4839 ipsius
635 4757 764 4826 mbulee
779 4768 930 4845 apparet.
1503 4783 1507 4787 ·
