4822 5924
1017 702 1289 775 -313-

327 912 530 1015 perpetuo
551 902 790 986 liberamus.
845 902 1069 989 Caeterum
1111 904 1221 988 dicto
1242 902 1487 1011 Praeposito
1509 913 1551 986 et
1571 901 1793 993 Sororibus
1815 939 1865 994 ac
1886 913 1991 1000 Mo·-

328 1025 510 1108 nssterio
532 1053 583 1108 ex
605 1023 744 1134 gratia
779 1023 1057 1106 concedimus.
1084 1023 1257 1132 speciali
1292 1022 1408 1107 villas
1439 1024 1483 1104 in
1505 1024 1694 1108 dominiis
1715 1035 1977 1140 etgraniciis

328 1144 458 1254 ipsius
479 1141 724 1228 Monasterii
744 1143 950 1251 sepedicti
969 1140 1073 1224 dure
1094 1141 1292 1227 Polonico
1315 1151 1358 1224 et
1377 1141 1619 1229 theutonico
1652 1145 1796 1229 dotare
1828 1163 1980 1262 quate.

229 1344 233 1356 ,
329 1289 427 1366 nus,
457 1262 648 1346 villarum
679 1259 936 1347 Ometbones
967 1260 1190 1370 quodquot
1217 1261 1384 1346 locatae
1403 1261 1556 1345 fuerint
1577 1263 1723 1347 eodem
1744 1265 1851 1350 dure
1871 1299 1981 1381 gau-

331 1381 509 1474 debunt,
531 1407 616 1490 quo
638 1381 753 1464 bona
774 1392 817 1464 et
836 1381 959 1464 villae
980 1379 1223 1490 Monasterij
1246 1381 1435 1494 gaudent
1457 1411 1554 1466 oum
1586 1384 1825 1470 omnimoda
1846 1387 1981 1474 facul·

329 1509 431 1584 tate.
484 1499 684 1585 Volumus
707 1503 833 1584 etiam
853 1509 900 1585 vt
920 1527 1065 1584 omnes
1086 1528 1248 1608 poenae
1271 1530 1381 1612 quae
1403 1505 1445 1584 in
1459 1502 1630 1612 judiciJs
1666 1505 1869 1590 antedicti
1888 1508 1982 1611 Mo-

329 1620 498 1728 nasterij
520 1618 704 1703 bannitis
726 1631 802 1704 aut
819 1619 993 1732 priuatis
1016 1620 1168 1702 cedere
1188 1630 1600 1704 consueuerunt'non
1621 1624 1677 1705 ad
1700 1625 1828 1708 alium
1849 1649 1983 1738 quam'

333 1739 388 1822 ad
408 1738 701 1850 Praepositum
720 1741 790 1825 vel
810 1770 886 1850 per
905 1739 1045 1848 ipsum
1065 1740 1120 1820 ad
1141 1739 1185 1820 id
1206 1743 1454 1848 deputatum
1474 1745 1516 1824 in
1538 1743 1677 1824 causis
1707 1747 1875 1855 magnis
1907 1756 1982 1830 aut

331 1858 475 1971 paruis
507 1885 764 1968 quocunque
786 1888 889 1943 casu
911 1857 1157 1940 douenerint
1185 1861 1368 1970 plenarie
1391 1868 1433 1943 et
1454 1889 1505 1943 ex
1525 1869 1615 1944 toto
1638 1861 1824 1946 debeant
1851 1867 1982 1974 perti-

331 2003 444 2062 nere.
495 1976 659 2060 Dantes
697 1979 832 2062 eidem
852 1977 1105 2062 Monasterio
1128 1977 1179 2059 de
1200 1977 1364 2060 Diabas
1382 1980 1494 2062 hanc
1515 1979 1681 2063 literam
1704 2007 1798 2064 cum
1820 2013 1983 2096 appen-

332 2099 447 2181 sione
477 2097 608 2180 nostri
639 2095 765 2208 sigilli
795 2090 962 2181 m'aioris
982 2099 1025 2177 in
1045 2098 1325 2183 testimonium
1367 2102 1551 2184 omnium
1585 2099 1908 2208 praemissorum
1931 2133 1983 2188 ao

331 2215 460 2300 robur
481 2222 524 2296 et
544 2216 804 2299 euidenoiam
823 2224 1055 2326 perpetuae
1075 2216 1295 2299 firmitatis.
1347 2215 1502 2302 Actum
1525 2228 1568 2300 et
1588 2219 1732 2300 datum
1773 2214 1983 2304 cracoviae

331 2337 377 2418 in
395 2336 576 2419 erastino
598 2332 744 2418 Sancti
766 2335 965 2421 Stanislai
984 2333 1180 2442 Martyris
1197 2349 1238 2420 et
1252 2336 1481 2420 Pontificis.
1514 2336 1636 2421 Anno
1658 2336 1827 2420 Domini
1847 2337 1985 2422 Mille-

198 2529 201 2538 .
332 2457 436 2540 simo
459 2453 776 2538 Trecentesimo
813 2453 1086 2564 sexagesimo
1118 2479 1248 2558 nono,
1284 2455 1582 2540 Praesentibus
1603 2454 1667 2538 his
1689 2455 1871 2539 testibus
1893 2457 1984 2544 Do·

333 2575 446 2658 mino
468 2571 681 2656 Jesohone
704 2571 997 2677 Oracouiensi,
1028 2573 1209 2657 Domino
1240 2573 1411 2660 Andrea
1440 2577 1650 2679 Palatino,
1681 2574 1864 2660 Domino
1886 2575 1987 2661 des-

334 2693 469 2776 ohone
491 2691 543 2772 de
564 2689 794 2776 Krzesolrow
824 2691 1005 2776 Domino
1035 2691 1220 2776 Polcone
1249 2681 1536 2802 Marscballio‚
1577 2694 1760 2779 Domino
1792 2694 1987 2779 Boratha

333 2811 610 2896 Procuratore
646 2810 830 2922 generali
863 2810 1045 2895 Domino
1081 2811 1206 2896 Petro
1242 2813 1419 2898 Neorss
1434 2815 1624 2906 Palatino
1658 2812 1986 2904 Sandomiriensi

332 2929 515 3014 Domino
551 2928 717 3014 Joanne
755 2929 1003 3042 Suotproijllr
1039 2930 1317 3038 Cancellario,
1353 2932 1598 3046 Mszozugio
1640 2930 1986 3034 Subsancellario

336 3049 626 3154 Oracouiensi,
650 3060 693 3131 et
712 3049 804 3146 aliis
824 3048 1050 3163 fidedignis
1072 3077 1200 3164 quam
1220 3050 1422 3162 pluribus.
1452 3053 1613 3138 Datum
1632 3081 1708 3165 per
1726 3081 1877 3139 manus
1897 3053 1988 3142 Do·

334 3169 434 3256 mini
453 3167 634 3254 Joannis
656 3167 1004 3254 vicecancellarii
1027 3169 1335 3262 Oracouiensis.

1086 3573 1241 3693 oliv.

559 3825 1060 3934 &donandis—14
1084 3825 1581 3933 septemtriones
1601 3849 1768 3917 dano.

384 4043 658 4122 casimirus
675 4067 731 4124 ror
744 4047 884 4124 lubria
898 4047 1128 4124 mlulirrtori
1142 4049 1269 4124 ranno
1283 4047 1484 4124 notarium
1497 4067 1589 4144 propo
1601 4049 1707 4126 rfflur
1720 4051 1950 4142 scarpam

895 4149 988 4227 fluvio
1000 4155 1126 4240 horma
1140 4155 1250 4242 utun,
1270 4151 1364 4225 domi
1381 4157 1431 4238 (¹).

440 4323 677 4408 Kazimirus
700 4325 768 4408 dei
788 4328 934 4439 gracia
955 4325 1047 4412 Rex
1066 4327 1260 4433 Polonie,
1291 4324 1557 4435 notificamus
1586 4335 1674 4412 tam
1709 4327 1989 4439 presentibus,

341 4465 470 4551 quam
498 4439 649 4526 foturis
681 4445 834 4554 quibus
867 4447 1034 4557 expedit
1063 4449 1269 4533 universis
1302 4443 1429 4548 Quod
1451 4447 1504 4530 de
1524 4446 1647 4532 certis
1677 4445 1926 4533 utilitatibus
1948 4457 1992 4532 et

446 4675 484 4758 (Ι)
508 4675 735 4743 Muozkowski
747 4699 788 4744 ex
804 4677 979 4746 Tabularr'o
994 4677 1128 4766 publico
1142 4679 1249 4830 Regni
1264 4678 1445 4748 Varsorise
1462 4687 1632 4746 asservato
1655 4642 1830 4768 descripsit
1847 4682 1991 4749 tabulam

339 4761 423 4828 hono
445 4761 535 4849 (lege
556 4760 659 4828 libros
681 4785 778 4828 manu
800 4763 943 4849 scriptos
979 4763 1166 4850 „Metrylri”
1211 4765 1295 4830 ictos
1316 4765 1381 4830 vd„
1399 4767 1449 4842 17,
1475 4763 1531 4829 fol.
1547 4767 1636 4843 808),
1658 4763 1713 4830 ubi
1735 4765 1990 4856 intransnmpto

340 4847 428 4934 regis
443 4845 857 4992 AleoexondrniLJagellouid'rs
872 4871 902 4916 a.
916 4849 998 4917 1502
1012 4850 1187 4939 invenitur.
1212 4848 1467 4938 Transumptum
1480 4848 1545 4916 hoc
1557 4849 1648 4940 legas
1662 4849 1756 4916 infra.

520 4958 582 4990 οΙΙΙΙ
1627 5004 1633 5018 x
1743 4955 1787 5021 40
1886 4987 1890 4994 .
