4930 5922
1051 751 1384 854 -rs-·

340 951 580 1068 prepositus
601 947 945 1058 MiJ‘echoviensis
969 947 1126 1031 devote
1145 947 1267 1031 nobis
1292 947 1469 1028 dilectus
1492 972 1568 1029 suo
1587 956 1629 1028 et
1648 949 1787 1042 tocius
1809 979 1874 1034 sur
1862 951 2006 1038 Oon

339 1081 492 1154 ventus
523 1070 692 1151 nomine
724 1065 909 1150 exhibito
939 1066 1160 1176 privilegio
1192 1062 1460 1173 infrascripto
1498 1065 1777 1160 donacionem
1822 1069 2005 1178 thelonej

338 1189 382 1270 in
402 1187 511 1270 Villa
535 1183 663 1266 Cteim
684 1183 738 1295 (⁹)
778 1185 891 1267 dicto
927 1182 1183 1265 Monasterio
1220 1182 1378 1264 factam
1414 1184 1653 1265 continente
1685 1183 1735 1265 In
1765 1187 1885 1284 cuius
1906 1211 2006 1295 pos·
2096 1283 2101 1294 Ι

340 1305 529 1394 sessione
548 1304 649 1385 licet
668 1300 805 1403 fuerit,
828 1301 996 1382 Tamen
1016 1302 1118 1410 quia
1140 1298 1333 1419 Sigillum
1355 1285 1543 1382 eiusdem
1566 1301 1773 1410 privilegij
1790 1329 1865 1407 pro
1886 1312 2007 1411 parte

244 1417 253 1431 ’
292 1507 297 1516 ,
341 1421 522 1505 fractum
541 1419 667 1502 fuerit
650 1419 819 1534 tpecijt
847 1418 950 1499 illud
969 1444 1045 1526 per
1068 1443 1146 1500 nos
1170 1410 1398 1527 approbarJ’
1432 1427 1474 1500 et
1456 1419 1743 1526 toonfirmarj
1777 1417 1910 1503 Cuius
1942 1441 2008 1502 se-

342 1542 489 1650 quitur
509 1545 642 1620 tenor.

549 1673 599 1755 In
620 1672 790 1755 no'mine
828 1668 986 1753 domini
1006 1678 1104 1754 nost
1104 1699 1139 1750 rr
1088 1669 1271 1752 tJesu
1309 1669 1477 1753 Christi.
1532 1665 1745 1768 Quoniam
1781 1673 2007 1781 generacio
2093 1686 2097 1694 '

441 1792 565 1903 perit,
587 1797 630 1869 et
651 1790 875 1897 generacio
898 1788 1072 1889 advenit
1094 1799 1356 1869 evanescunt
1376 1815 1478 1896 sepe
1499 1788 1681 1896 negocia
1699 1816 1783 1899 que
1800 1789 1881 1871 sub
1899 1799 2007 1871 tem·

444 1935 548 2016 pore
582 1903 755 2015 volubiij
794 1913 1014 2016 geruntur,
1051 1930 1228 1987 necesse
1261 1913 1325 1986 est
1363 1931 1455 2014 erqo
1485 1904 1718 1986 litterarum
1740 1905 1933 2013 apicibus
1956 1934 2006 1988 ao

380 2079 385 2086 -
444 2027 615 2107 testium
653 2026 932 2107 annotaoione
965 2023 1134 2133 singula
1166 2023 1393 2105 declarare.
1446 2022 1683 2106 Noverint
1672 2023 1802 2130 igitur
1821 2024 2008 2107 universi

444 2149 663 2251 presentes
688 2151 730 2222 et
749 2143 909 2248 posteri
930 2139 1045 2250 quod
1065 2167 1144 2223 nos
1165 2139 1385 2224 Boleslaus
1408 2137 1475 2218 dei
1497 2140 1644 2248 gracia
1681 2137 1765 2219 dux
1801 2137 2009 2224 Oracovie
2034 2159 2036 2162 ’
2066 2213 2072 2226 .

447 2268 491 2342 et
511 2257 776 2342 Sandomirie
810 2257 1041 2366 Cupientes
1072 2257 1334 2340 Elemosinas
1365 2257 1540 2339 fratrum
1574 2255 1721 2339 Sancti
1740 2243 1935 2364 Sepulcri
1957 2259 2011 2340 de

350 2415 361 2422 ·
446 2376 571 2460 domo
593 2375 913 2484 Myechoviensi
935 2376 1113 2483 amplius
1134 2387 1338 2485 augment
1340 2403 1412 2456 are
1444 2375 1695 2456 contulimus
1735 2371 1893 2456 eisdem
1914 2376 2010 2457 the-

445 2494 644 2576 loneum
633 2520 676 2574 1n
697 2491 827 2576 villa
816 2519 1003 2601 rpsorum
1029 2521 1114 2602 que
1144 2489 1273 2572 Caela
1290 2493 1529 2600 wrrlgariter
1551 2491 1760 2574 conswevi
1762 2493 2010 2601 tappellarj,

428 2619 654 2718 perpetuo
675 2611 991 2718 possidendum.
1022 2610 1108 2694 ita
1128 2612 1245 2719 quod
1266 2637 1414 2695 omnes
1436 2635 1582 2690 crurus
1605 2609 1679 2718 qui
1701 2607 1866 2692 duobus
1890 2612 2011 2720 equis

408 2761 412 2772 ·
446 2727 630 2810 trahitur
649 2724 759 2840 (sic),
782 2738 978 2838 quartam
998 2735 1162 2837 partem
1184 2727 1236 2809 de
1260 2726 1390 2813 Scoto
1412 2727 1579 2809 solvere
1598 2735 1830 2810 teneantur·
1843 2729 2011 2837 argenti

445 2845 645 2928 videlicet
679 2846 849 2928 usualis.
905 2842 989 2943 Qui
1023 2871 1124 2928 vero
1161 2871 1246 2930 uno
1285 2871 1394 2957 equo
1423 2843 1602 2925 trahitur
1642 2845 1826 2926 mediam
1845 2854 2012 2954 partem
2136 2837 2138 2843 '
2203 2943 2213 2962 ⁹

416 3017 419 3022 -
445 2959 609 3046 solvere
642 2959 800 3046 debeat
831 2963 1097 3045 eatr'mocr'onr's
1127 2967 1418 3070 prenominata
1434 2971 1482 3042 ut
1503 2969 1644 3044 autem
1661 2971 1808 3045 nostra
1830 2964 2011 3049 donacio

444 3079 490 3161 in
510 3091 764 3190 perpetuum
793 3079 923 3166 robur
954 3080 1147 3166 obtineat
1177 3081 1386 3166 firmitatis
1409 3089 1452 3162 et
1471 3079 1606 3188 nullj
1594 3109 1637 3161 1n
1657 3090 1879 3188 posterum
1904 3108 2014 3168 ausu

446 3201 670 3283 temerario
693 3199 872 3282 eandem
891 3201 1019 3284 liceat
1038 3197 1265 3308 infringere
1287 3207 1528 3308 presentem
1544 3199 1735 3281 codicem
1751 3199 2011 3308 supradictis

448 3305 645 3399 fratribus
668 3319 804 3426 notarj
828 3317 1065 3400 feceramus
1087 3318 1219 3400 nostri
1241 3319 1366 3427 sigilli
1388 3317 1647 3426 appensione
1668 3317 1909 3401 roborando
1931 3315 2013 3402 sub

449 3434 689 3518 testimonio
721 3435 924 3518 nobilium
954 3443 1192 3518 nostrorum
1224 3461 1403 3546 quorum
1425 3436 1506 3516 hec
1527 3443 1626 3515 sunt
1640 3435 1817 3554 pomina
1854 3433 2011 3517 Comes
2043 3504 2051 3512 .

318 3576 321 3583 ·
448 3547 589 3632 Adam
611 3551 877 3635 Castellanus
901 3553 1218 3651 cracoviensis,
1258 3549 1413 3634 Comes
1443 3517 1660 3634 Nieolaus
1664 3551 1882 3634 Palatinus
1905 3549 2013 3632 Ora-

448 3670 678 3772 comensis,
715 3670 871 3754 Comes
909 3669 1138 3780 Sangneus
1173 3668 1390 3750 Palatinus
1429 3653 1781 3753 Sandomiriensis
1802 3665 2011 3751 Dominus

446 3785 577 3870 Fulco
616 3785 906 3876 Cancellarius
939 3787 1066 3873 Ourie
1098 3793 1142 3866 et
1178 3780 1333 3870 Custos
1372 3771 1724 3870 Sandomiriensis
1745 3783 2011 3869 Laurencius

442 3902 694 4014 subdapifer
730 3905 1084 3991 Sandomiriensis
1120 3901 1305 3987 Michael
1340 3877 1587 4014 subdapifer
1610 3901 1904 3988 Oracoviensis
1928 3898 2013 3989 Ota

445 4021 668 4132 subagazo
707 4021 1014 4108 Oracoviensis
1067 4021 1228 4106 Datum
1262 4019 1498 4108 Oracoviae
1533 4021 1723 4131 proxima
1754 4024 1887 4104 tercia
1907 4019 2013 4104 feria
2053 4103 2057 4120 ,

312 4191 316 4200 ·
446 4148 546 4250 post
582 4137 770 4226 Octavss
806 4142 942 4226 Pasce
978 4141 1104 4226 Anno
1137 4141 1292 4224 domini
1332 4140 1552 4228 Millesimo
1577 4139 1866 4224 ducentesimo
1889 4166 2012 4221 sexa·

448 4257 612 4368 gesimo
629 4258 712 4342 Per
732 4288 884 4343 manus
897 4259 1018 4368 Petrj
1038 4257 1189 4365 ClericJ
1213 4261 1420 4342 ducalis.

447 4399 726 4516 Nosit1taque
754 4379 1025 4516 privilegium
1046 4405 1251 4488 insertum
1274 4361 1601 4514 cognoscentes
1608 4428 1701 4484 esse
1716 4401 1880 4508 justum
1899 4401 2012 4512 peti·
2096 4395 2103 4405 ’

345 4517 627 4633 cionibusque
658 4524 829 4632 prefati
841 4521 1011 4607 Martini
1041 4522 1246 4634 prepositi
1266 4523 1397 4606 veluti
1416 4522 1537 4604 iustis
1560 4527 1794 4603 annuentes
1836 4519 1938 4602 illud
1960 4519 2013 4603 de
2056 4543 2060 4554 ’

448 4751 489 4834 (²)
515 4694 621 4820 Cteim
649 4754 728 4822 villa
754 4757 916 4824 territorii
942 4766 976 4826 et
1001 4755 1151 4846 regionis
1179 4755 1279 4822 hodie
1308 4751 1529 4858 normiensis,
1553 4749 1734 4838 parochiae
1749 4750 1791 4818 ad
1807 4751 2013 4841 Goiaczorry

340 4854 527 4935 spectaris
