4822 5924
1013 653 1444 739 em...

309 867 412 986 po're
432 869 606 971 fuerint,
627 865 798 949 sculteti
816 891 917 950 vero
939 871 983 945 et
1003 863 1238 948 advocatus
1259 863 1440 973 predicti
1461 891 1604 950 coram
1626 865 1770 972 nobis,
1801 893 1882 954 seu
1903 899 1982 956 no·
2008 909 2011 916 ⁴

307 1005 396 1080 stro
418 985 609 1104 generali
622 984 786 1094 judicio
809 983 1039 1070 dummodo
1059 1008 1135 1092 per
1156 981 1318 1065 literam
1340 991 1548 1086 nostram,
1586 992 1819 1096 nostroque
1840 989 1984 1101 sigillo
2086 991 2093 1006 '

224 1211 226 1218 Ι
309 1109 542 1222 sigillatam
563 1103 732 1190 evocati
753 1101 928 1203 fuerint,
964 1108 1068 1182 tunc
1089 1097 1142 1182 de
1161 1125 1211 1180 se
1231 1099 1576 1210 querulantibus,
1598 1129 1683 1187 non
1704 1104 1785 1188 alio
1806 1107 1888 1190 nisi
1908 1134 1987 1193 suo
2067 1093 2075 1100 ⁵

304 1231 400 1342 jure
420 1222 669 1310 theutonico
691 1221 792 1305 novi
811 1215 892 1302 fori
913 1217 1031 1330 quod
1054 1215 1265 1302 Srzedslre
1287 1219 1450 1324 dicitur,
1473 1220 1735 1331 respondere
1757 1221 1843 1305 sint
1864 1227 1988 1308 astri-

264 1343 268 1352 ’
312 1349 383 1432 cti.
434 1343 487 1428 In
508 1339 649 1426 causis
681 1347 825 1422 antem
854 1329 1144 1420 criminalibus
1166 1343 1211 1417 et
1232 1331 1704 1448 Capitalibusprefatis
1738 1338 1987 1426 Sculteretis

255 1463 257 1478 '
314 1459 412 1580 (sic)
428 1457 663 1572 judicandi,
678 1450 1000 1558 sententiandi,
1021 1453 1225 1564 puniendi
1247 1463 1291 1536 et
1312 1457 1625 1540 condemnandi
1648 1457 1866 1542 demus'et
1886 1487 1989 1544 con·

311 1579 504 1690 cedimus
539 1585 684 1660 tenore
721 1574 987 1685 presencium
1008 1571 1178 1681 plenam
1202 1579 1244 1652 et
1266 1573 1846 1688 omnimodampotestatem,
1860 1592 1990 1688 prout

289 1701 454 1810 ¹ipsum
474 1693 556 1780 dus
578 1691 895 1778 Theutonicum
933 1688 1170 1774 Srzedense
1190 1689 1342 1773 insuia
1376 1691 1580 1802 capitulat
1613 1702 1656 1777 et
1684 1693 1866 1804 requirit
1894 1699 1988 1812 (sic,
2020 1689 2023 1702 '
2143 1709 2150 1718 '

255 1893 267 1906 .
313 1814 407 1926 sic).
438 1813 798 1924 Damusinsuper
819 1818 864 1892 et
883 1808 1158 1920 concedimus
1178 1806 1353 1916 prefatis
1376 1812 1531 1928 nornis
1554 1812 1721 1923 civibus
1742 1814 1797 1898 de
1818 1813 1989 1925 sescay-

315 1963 403 2034 σω,
426 1942 470 2015 et
487 1930 791 2028 kmcthonibus
812 1929 855 2010 in
875 1923 1051 2036 prefatis
1087 1924 1194 2012 villis
1231 1937 1319 2010 tam
1354 1921 1526 2032 locatis,
1560 1955 1691 2038 quam
1710 1929 1924 2039 locandis,
1944 1936 1989 2017 in

313 2049 490 2166 prefatis
511 2051 673 2156 merica
691 2057 736 2132 et
754 2045 917 2132 rubetis
937 2072 1015 2156 pro
1038 2044 1326 2155 extirpacione
1363 2073 1527 2153 earum,
1547 2055 1596 2130 ut
1617 2045 1673 2132 ab
1696 2045 1892 2135 omnibus
1913 2081 1990 2140 nc·
2124 2120 2127 2134 .

314 2171 411 2256 stris
433 2167 635 2281 collectis,
655 2151 1255 2274 contribucionibus,oalligijs
1274 2160 1372 2274 (sio)
1391 2173 1433 2246 et
1453 2162 1758 2273 exactionibus,
1781 2153 1839 2249 ac
1855 2165 1990 2256 eciam

305 2289 501 2401 ,angariis
524 2296 569 2370 et
588 2283 852 2396 preangarijs
872 2275 1093 2386 universis,
1145 2307 1376 2392 nocuoque
1397 2287 1566 2382 nomine
1586 2295 1886 2394 nuncupentur
1906 2287 1992 2379 sint

313 2403 437 2496 liberi
459 2413 504 2511 et
520 2406 731 2488 immunes
754 2412 798 2486 et
818 2397 976 2505 soluti,
989 2399 1044 2486 ed
1065 2310 1253 2482 sedecim
1275 2426 1431 2504 annos,
1464 2397 1520 2486 ab
1544 2430 1655 2488 anno
1671 2392 1836 2488 domini
1856 2401 1991 2490 mille·

58 2607 62 2614 .
312 2525 419 2608 simo
459 2523 747 2609 tricentesimo
789 2517 1055 2632 sexagesimo
1097 2519 1407 2628 computando,
1447 2524 1618 2634 plenam
1641 2531 1684 2608 et
1704 2521 1989 2610 omnimodam

182 2675 184 2683 ·
312 2653 462 2729 tenore
479 2641 746 2752 presencium
766 2636 1019 2724 libertatem.
1068 2629 1164 2736 Quo
1187 2638 1397 2746 expirata,
1433 2633 1558 2726 nobis
1583 2637 1634 2722 de
1657 2636 1850 2753 quolibet
1867 2639 1989 2726 laneo

309 2771 411 2850 octo
433 2769 577 2846 scotos
599 2784 844 2872 grossorum
865 2757 1028 2842 solvere
1047 2747 1322 2860 tenebuntru,
1344 2756 1396 2841 de
1418 2785 1558 2872 censu¹
1571 2786 1745 2872 quoque
1769 2755 1989 2851 domorum
2058 2775 2061 2786 ’

290 2879 502 2990 ipsorum
543 2901 705 2980 annuc,
738 2875 984 2978 secundum
1019 2871 1371 2978 consuetudinem
1401 2879 1532 2983 terre,
1554 2887 1597 2960 et
1615 2889 1743 2988 prout
1762 2878 1901 2990 ipsum
1915 2874 1987 2988 jus

313 2995 551 3084 Srnedense
571 2996 749 3104 requirit
769 3003 812 3078 et
831 2989 1036 3102 postulat,
1068 2987 1317 3102 satisfacere
1337 2987 1423 3076 sint
1443 2996 1617 3082 astricti.
1665 2992 1723 3080 Et
1743 3005 1791 3076 nt
1809 3021 1985 3104 presens
2080 3037 2088 3048 ,

310 3116 578 3228 privilegium
607 3114 738 3198 robur
768 3111 961 3200 obtineat
990 3119 1196 3224 perpetue
1216 3109 1449 3216 firmitatis,
1468 3111 1574 3199 illud
1593 3115 1741 3226 majori
1763 3121 1910 3199 nostro
1931 3115 1989 3196 si*

312 3233 419 3346 gillo
436 3231 735 3322 mmdavmm
751 3230 961 3342 roborari.
997 3225 1156 3333 Actum
1175 3233 1222 3312 ‘et
1243 3229 1391 3313 datum
1417 3220 1580 3318 Viclicr'e
1599 3234 1645 3316 in
1665 3227 1851 3320 crastino
1872 3225 1990 3321 beati

290 3351 449 3436 Marci
465 3351 767 3462 Euangeliste.
821 3345 913 3436 Sub
936 3375 1046 3433 anno
1070 3341 1226 3432 domini
1247 3344 1465 3435 millesimo
1486 3343 1784 3434 trecentesimo
1806 3377 1988 3461 sexage-

197 3473 202 3482 ’
312 3471 420 3556 simo
439 3466 671 3558 ¹secundo·
709 3465 990 3558 Presentibns
1010 3467 1076 3552 his
1097 3465 1279 3550 testibus
1317 3463 1529 3566 Stanislao
1561 3458 1870 3580 Malogost'ensi
1903 3467 1988 3551 Oa-

310 3585 517 3700 stellnno,
536 3587 763 3672 Bodzatlra
782 3589 1057 3696 procuratore
1079 3592 1227 3670 nostro
1247 3585 1457 3694 generali,
1477 3585 1716 3670 Marakone
1736 3583 1989 3670 cancellario
2261 3649 2266 3671 „

310 3717 457 3806 nostro
489 3705 752 3812 dobrinensi,
774 3713 817 3788 et
835 3701 1094 3805 Przedborio
1118 3701 1170 3784 de
1193 3699 1366 3808 Brzrzpe
1389 3730 1440 3785 ac
1462 3702 1662 3796 dohanne
1704 3697 1987 3817 Zoravyczkij
2102 3788 2106 3797 .
2215 3769 2220 3777 .
2268 3763 2276 3796 =.

357 3827 517 3944 agistrc
540 3825 725 3938 coquina
745 3832 902 3928 nostro,
922 3811 1003 3904 neo
1023 3847 1109 3906 non
1131 3817 1330 3902 decussio
1354 3817 1407 3902 de
1429 3847 1579 3905 canora
1595 3815 1650 3934 (⁴)
1674 3831 1716 3904 et
1737 3847 1869 3930 quam
1888 3822 1986 3931 plu·
2061 3844 2120 3894 f
2185 3845 2188 3854 ’

286 3941 427 4028 ‹nbus
449 3943 541 4054 alrjs
560 3941 647 4026 fide
669 3941 823 4053 dignis.
873 3940 1040 4026 Datum·
1053 3965 1130 4052 per
1150 3959 1304 4024 manus
1326 3934 1483 4024 domini
1502 3929 1713 4048 dohannis
1736 3938 1995 4050 Cancellarij'

310 4061 443 4152 nostri
464 4061 774 4152 Oracovionsis.
1175 4097 1176 4104 ¹

343 4240 349 4250 ¹
416 4293 461 4376 (⁴)
481 4265 711 4361 Mucakowski
724 4291 760 4358 in
773 4289 961 4380 parenthesi
980 4291 1077 4382 ponit
1103 4288 1282 4383 „ponera”
1306 4266 1454 4360 incertus
1466 4291 1569 4379 igitur
1581 4290 1644 4357 fnit
1659 4289 1700 4357 da
1715 4232 1881 4357 teodone·
1904 4289 1987 4358 llor-

309 4374 494 4449 tasseurbr
512 4379 597 4474 ³³⁹²
610 4373 818 4468 nauigium
1077 4377 1083 4388 '
