4930 5922
1020 739 1296 812 -151-

322 941 503 1034 firissent
537 935 664 1023 inicia
700 936 968 1045 questionum
1005 965 1133 1048 super
1161 940 1267 1021 silue
1291 938 1566 1044 pertinenciis
1589 947 1631 1020 et
1650 938 1797 1022 usibus
1833 939 1991 1025 ibidem

209 1089 214 1094 ·
323 1057 595 1156 adiacentis,¹
619 1053 814 1136 Tandem
853 1053 1039 1136 dictante
1077 1057 1244 1140 iusticia
1281 1084 1306 1136 a
1326 1056 1479 1138 nostris
1516 1053 1747 1140 baronibus
1780 1059 1894 1141 circa
1914 1087 2001 1168 nos2

325 1173 609 1275 ctistentibus
637 1183 703 1254 est
733 1180 1006 1280 compertum.
1040 1185 1089 1257 ut
1119 1175 1219 1256 dicti
1251 1167 1442 1254 homines
1479 1175 1611 1255 nostri
1633 1173 1685 1254 de
1709 1169 1928 1280 Ccrozscnle
1949 1179 1991 1264 in

322 1290 595 1404 pertinencijs
618 1301 659 1370 et
678 1289 825 1374 vsibus
847 1289 951 1371 silue
973 1293 1165 1397 superius
1187 1292 1333 1373 habite
1354 1290 1534 1372 finaliter
1564 1302 1849 1395 remanerent3
1888 1321 1994 1400 que-

324 1410 599 1494 madmodum
620 1409 663 1488 in
684 1405 907 1515 priuilegio
938 1411 1079 1514 patrui
1109 1409 1240 1491 nostri
1270 1409 1402 1490 felicis
1434 1408 1758 1490 recordacionis.
1782 1393 1992 1518 'Bolsslay

323 1531 458 1612 Ducis
491 1525 699 1637 Cracouie
723 1532 765 1604 ct
785 1521 1050 1610 Sandomiric
1081 1527 1347 1633 publicatum
1378 1535 1547 1630 constat
1577 1526 1665 1609 fore
1685 1527 1728 1604 in
1750 1525 1831 1606 hec
1862 1528 1994 1618 uerba

325 1648 374 1732 ln
396 1645 578 1732 Nomine
601 1642 758 1726 domini
782 1667 916 1722 amen.
945 1643 989 1724 N
993 1645 1158 1726 ouerint
1178 1641 1266 1725 tain
1286 1654 1505 1751 presentes
1522 1672 1659 1757 &quam
1680 1645 1858 1750 posteri,
1877 1649 1991 1756 quod
2074 1639 2084 1657 ’

325 1792 402 1848 nos
440 1761 655 1881 boleslaus.
690 1760 757 1866 dej
794 1759 941 1867 gracia
979 1762 1064 1858 (lux
1102 1761 1308 1846 Oracouie
1332 1772 1375 1844 et
1397 1753 1765 1860 Sandomiriepsis.
1804 1790 1901 1846 cum
1939 1765 1994 1846 ad

324 1881 576 1968 instanciam
608 1875 858 1960 venerabilis
890 1879 1021 1983 patris
1056 1879 1209 1962 domini
1242 1879 1474 1987 Bolcborij3
1508 1875 1678 1960 abbatis
1711 1877 1993 1967 Thinciensis.

324 1999 610 2086 Laurencium
632 2004 821 2078 nostrum
842 1993 1204 2100 subcamerarimn
1234 2000 1509 2080 mediatorem
1540 1994 1835 2080 statuissemus
1858 2001 1994 2080 trans-

326 2120 553 2200 mittentes.
576 2122 625 2194 nt
645 2113 754 2208 inter
784 2112 924 2194 villam
956 2115 1144 2197 eiusdem
1175 2113 1345 2198 abbatis
1378 2143 1463 2224 que
1496 2112 1659 2194 radesov
1682 2112 1832 2194 dicitur
1855 2125 1897 2195 et
1920 2113 1995 2198 Cn-
2032 2199 2035 2210 ,

327 2232 496 2318 rocscnlt
511 2231 652 2315 villam
673 2230 889 2312 hominum
913 2233 1039 2314 castri
1062 2233 1391 2338 Oracouicnsisy
1414 2233 1469 2312 ad
1500 2231 1740 2316 custodiam
1776 2228 1908 2314 brone
1942 2235 1994 2322 de

329 2349 546 2434 Mislz'nn'cb
566 2347 873 2456 pertinencium
896 2347 1060 2430 limites.
1091 2353 1255 2461 pranz'c'e
1271 2351 1502 2460 vulgariter
1524 2355 1812 2454 nuncupatam
1846 2346 1995 2432 abbati

287 2465 290 2472 ’
326 2469 488 2552 faceret
509 2493 639 2574 supra
658 2465 864 2568 ,dictasse
875 2466 996 2564 idem
1017 2467 1254 2568 laurencius
1287 2469 1411 2552 simul
1442 2493 1540 2549 cum
1572 2466 1994 2552 convocatavicinia

327 2591 442 2696 ipsos
464 2585 616 2668 limites
649 2612 674 2663 a
694 2586 766 2664 uia
788 2610 872 2691 que
895 2583 948 2663 de
970 2583 1138 2666 raason
1168 2585 1266 2668 villa
1295 2585 1541 2694 supradicta
1571 2583 1708 2666 tendit
1727 2582 1770 2662 in
1793 2578 1994 2692 Mopilcra

327 2730 477 2788 versus
508 2703 648 2784 locum
681 2701 757 2808 qui
786 2696 960 2780 colosonc
990 2713 1169 2783 vocatur
1199 2703 1406 2811 inciperet
1434 2702 1613 2785 limitare
1643 2701 1734 2784 Nec
1767 2699 1907 2780 adhuc
1939 2703 1997 2791 ad

328 2825 466 2931 ipsum
488 2819 628 2902 locum
650 2815 851 2898 rolozcrccn
871 2830 1138 2928 peruenerat.
1155 2818 1360 2904 Homines
1378 2821 1478 2902 dicti
1495 2819 1547 2923 de
1566 2815 1808 2914 Curoz'scnlc5
1825 2819 2014 2904 eosdem-

327 2941 505 3024 Limites
526 2937 618 3018 fieri
639 2936 1002 3040 contradixerunt,
1024 2947 1264 3022 asserentes
1286 2940 1400 3046 ipsos
1417 2935 1508 3020 fieri
1522 2938 1566 3018 in
1581 2937 1861 3044 preiudicium
1882 2935 1997 3044 ipso-
2060 2926 2065 2937 ’
2088 2933 2093 2942 ’
2143 2937 2146 2944 ’

327 3087 421 3142 rum
443 3067 485 3138 et
507 3080 741 3174 grauamen
764 3081 812 3136 co
837 3055 958 3164 quod«
986 3057 1236 3162 pereosdem
1266 3057 1416 3138 limites
1448 3057 1528 3164 ipsi
1549 3053 1830 3166 spoliarentur
1851 3063 1894 3134 et
1913 3059 1997 3164 pri-

197 3202 205 3210 ·
327 3184 527 3258 narentur
556 3171 714 3254 insilua·
740 3173 899 3281 magna
930 3201 1013 3281 que
1046 3171 1101 3254 ab
1131 3175 1225 3283 ipso
1254 3176 1350 3260 loco
1381 3172 1553 3286 rulosoco
1582 3172 1731 3280 incipit
1760 3171 1925 3262 et-finit
1955 3176 1997 3254 in
2103 3239 2107 3247 ,

328 3291 788 3402 metistungarorum
820 3291 1025 3373 uniuersis
1050 3299 1092 3374 et
1112 3293 1314 3401 singuliis
1346 3290 1617 3395 utilitatibus3
1654 3290 1854 3376 videlicet
1884 3293 1999 3376 omni

303 3437 489 3520 ⁸genere
529 3409 724 3490 venandi.
760 3436 842 3516 per
873 3409 1071 3517 stcrnpr'ea
1105 3405 1217 3520 slopz'.
1252 3410 1375 3492 Jcnn'.
1411 3420 1452 3492 et
1480 3407 1596 3490 recia
1627 3403 1995 3519 asperiottia(sic).
2074 3401 2090 3439 ”’

236 3591 243 3598 -
263 3587 270 3604 .
329 3525 542 3612 Mellificia
562 3525 782 3610 ordinandi
797 3534 848 3605 'et
870 3525 963 3606 aliis
982 3524 1272 3608 lucrifaciendi
1308 3527 1505 3610 lnfluuiis,
1524 3527 1658 3608 eciam
1683 3525 1870 3606 ciusdem
1893 3526 1996 3606 silue
2016 3565 2020 3576 ·

264 3673 269 3680 ·
330 3644 529 3731 videlicet
558 3644 600 3724 in
632 3643 820 3739 scatebra·
857 3641 1045 3724 scrutata
1076 3652 1118 3727 ct
1149 3640 1350 3724 sedlnr'clrc
1385 3641 1635 3729 utilitatibus
1671 3629 1917 3750 piscandi..'.·.
1942 3639 1996 3751 (²)
2075 3718 2078 3728 .

332 3773 512 3872 excepta
529 3770 761 3847 castrorum
780 3757 878 3871 (sic)
897 3757 951 3871 (³)
970 3769 1249 3869 capturaque
1269 3761 1350 3844 hec
1372 3763 1513 3844 omnia
1536 3787 1631 3841 cum
1653 3755 1816 3867 prefato
1839 3757 1996 3844 abbate

223 3963 245 3992 ,Ι
278 3883 282 3892 ’
330 3891 536 3993 perpetuo
568 3879 845 3965 communiter
874 3877 1116 3986 habueruut
1147 3904 1254 3988 quas
1285 3879 1483 3960 utilitates
1516 3903 1660 3962 omnes
1691 3877 1875 3986 integre
1907 3878 2015 3959 sine·

331 3997 619 4098 diminucione·
642 3997 784 4107 aliqua
816 4023 916 4106 sepe
949 3997 1087 4078 dictus
1120 3993 1257 4078 abbas
1291 3997 1450 4081 eisdem
1487 3993 1727 4090 hominibus
1747 3997 2002 4104 recogncuit

332 4115 460 4216 Quod
503 4117 642 4198 dictus
683 4124 827 4199 noster
866 4115 1072 4198 mediator
1118 4113 1293 4196 audiens
1335 4116 1378 4196 in
1397 4123 1714 4225 augmentum.
1739 4113 1902 4194 iusticie
1935 4113 1999 4194 di-

331 4245 494 4318 ctorum
525 4233 742 4322 hominum
773 4233 945 4316 vlteri'us
977 4233 1109 4316 noluit
1127 4232 1320 4314 limitare.
1343 4231 1504 4315 faciens
1525 4242 1751 4340 vtramque
1770 4237 1935 4340 partem
1955 4231 1999 4310 in

303 4362 475 4466 ¹nostra
503 4353 1023 4462 prcsenciacomparcre3
1058 4351 1342 4460 Tandemque
1374 4353 1466 4461 ipse
1499 4350 1635 4436 abbas
1665 4351 1707 4428 in
1737 4356 1999 4456 nostrapte-
2073 4340 2081 4358 “

375 4765 381 4770 ,
435 4687 477 4766 (⁴²)
500 4683 616 4750 Verbo
645 4687 795 4773 piscandi
812 4681 899 4747 aliud
915 4683 1139 4752 abbreviatum
1156 4683 1316 4766 sequitur,
1334 4683 1373 4748 de
1391 4704 1456 4765 quo
1472 4681 1593 4746 incerti
1611 4703 1739 4763 snrnus3
1762 4681 1905 4746 fortasse
1922 4691 2021 4748 ver-‘⁸
2104 4735 2114 4754 .

329 4769 408 4834 bum
423 4769 488 4835 hoc
505 4769 682 4856 significat:
705 4769 852 4848 latrandi,
869 4766 1036 4848 (lculenie
1051 4769 1205 4855 wyderl).

435 4857 476 4936 (³)
502 4853 654 4920 Debebat
671 4875 756 4920 esse:
781 4864 942 4942 castarum.
