4856 5932
1087 743 1137 762 -
1174 675 1363 782 'aau-

400 907 501 990 eiter
522 905 686 1016 placere
706 903 915 989 metuite
917 903 996 988 tin
917 901 1203 988 tfuturum
1239 913 1368 990 aucto
1389 903 1603 992 fidelitatis
1624 865 1764 988 studio
1784 905 2048 1044 prestaneius

400 1029 556 1136 poterit
576 1023 853 1164 complacere.
887 1021 1077 1125 Quorum
1096 1024 1252 1110 intuitu
1272 1024 1508 1122 volentes'
1496 1049 1635 1134 rpsum
1671 1022 1894 1135 specialis
1903 1025 2048 1136 gracie

397 1171 600 1256 prosequi
588 1142 849 1228 fauoribus.
873 1155 917 1228 et
937 1145 992 1227 ad
1014 1145 1223 1253 obsequia
1241 1152 1387 1228 nostra
1407 1142 1583 1227 reddere
1599 1145 1798 1230 continuo
1814 1145 2053 1258 prompoio-

397 1292 496 1347 rem.
531 1261 677 1348 Sibi
643 1290 818 1378 eiusque
840 1265 1053 1376 germanis
1072 1263 1285 1368 fratribus,
1320 1263 1464 1346 liberis
1497 1271 1541 1345 et
1562 1261 1879 1348 successoribus
1911 1263 2052 1375 legiti-

399 1385 489 1488 mis,
510 1409 588 1465 uas
592 1385 734 1466 titates
751 1381 944 1467 siluaset
926 1390 1136 1468 tnemora
1162 1394 1318 1487 nostra,
1356 1384 1407 1466 de
1445 1382 1600 1491 quibus
1638 1383 1743 1468 alias
1778 1383 1893 1466 nulla
1927 1381 2052 1467 nobis

400 1503 585 1586 cedebat
603 1504 713 1586 utilit
696 1512 761 1584 tas
782 1504 826 1584 in
846 1513 957 1586 terra
978 1501 1373 1590 Sandomiriensiet
1395 1501 1587 1585 districtu
1614 1481 1907 1608 Radomiensi,
1938 1531 1990 1585 ac
2008 1503 2053 1584 in

400 1620 618 1729 Sworziaa,
657 1617 930 1736 Cimnastropa
965 1633 1008 1707 et
1045 1617 1265 1732 Componco
1301 1619 1541 1706 fluminibus
1572 1623 1654 1704 sita
1690 1622 1923 1708 cumomni
1945 1619 2053 1731 jure,

401 1741 597 1847 dominic,
614 1753 657 1826 et
675 1741 908 1852 proprietat
909 1770 931 1824 e
890 1743 1008 1826 tad
1028 1741 1277 1838 locandas
1259 1768 1356 1851 Jure
1386 1740 1653 1825 Theotunico
1683 1741 1890 1846 villas,et
1873 1741 2053 1826 t‘laneos

398 1857 676 1967 franconicos,
698 1861 750 1944 dc
771 1887 892 1945 newa
915 1862 1058 1945 radice
1079 1862 1172 1944 sine
1190 1872 1334 1943 tamen
1350 1858 1579 1970 preiudicio
1610 1859 1783 1945 aliarum
1814 1861 1971 1943 circum
2001 1856 2052 1964 fig·

400 1981 597 2064 nanoium
618 1981 911 2065 hereditatum.
933 2009 986 2065 ex
1004 1989 1187 2088 utraque
1207 1989 1326 2090 parte
1350 1979 1580 2065 eorundem
1599 1979 1835 2084 fluuiorum,
1868 2007 1965 2062 cum
1990 1976 2053 2062 di-

398 2219 592 2302 situdinis
615 2219 855 2325 clemencia,
879 2219 1042 2323 damus,
1065 2217 1316 2303 conferimus
1337 2216 1561 2302 liberaliter
1593 2227 1637 2301 et
1667 2217 1886 2302 donamus.
1921 2217 2070 2312 dona-⁴

398 2339 464 2424 cio
487 2335 584 2452 (sio)
605 2345 815 2452 perpetua
850 2346 894 2420 et
920 2339 962 2420 in
984 2367 1100 2443 ewm,
1127 2336 1329 2420 facientes
1360 2340 1474 2448 ipsos
1489 2363 1613 2422 veros
1629 2347 1672 2422 et
1685 2338 1894 2449 legitimos
1909 2336 2055 2420 huius-

399 2459 514 2543 modi
533 2457 726 2542 villarum
745 2455 1032 2542 locandorum.
1056 2466 1099 2540 et
1111 2457 1327 2541 laneorum
1348 2458 1390 2540 in
1405 2459 1657 2568 prenarratis
1673 2457 1788 2540 siluis
1810 2466 1853 2538 et
1872 2455 2052 2541 nemori·

401 2577 483 2661 bus
527 2585 571 2660 et
611 2578 829 2689 signanter
858 2577 902 2660 in
923 2575 1165 2662 fluminibus
1198 2575 1414 2682 Sworzina,
1450 2573 1728 2690 Zimoostrapa
1762 2583 1805 2658 ot
1836 2569 2056 2686 Campana

402 2697 491 2779 sine
527 2697 758 2808 preiudicio
800 2695 974 2783 aliarum
1012 2696 1399 2781 circumfinanoium
1434 2695 1729 2803 hereditatum,
1765 2705 1817 2779 ut
1849 2691 2056 2805 prefertur

398 2817 753 2926 extirpandorum,
773 2825 1085 2928 perpetuosque
1107 2840 1388 2926 possessores.
1436 2811 1555 2915 Quas
1578 2815 1751 2924 quidem
1771 2814 1891 2900 villas
1924 2823 1966 2898 et
1991 2813 2056 2898 la·

400 2963 503 3020 neos
522 2935 725 3036 inibidem
753 2943 801 3018 ut
827 2936 1081 3046 premittitur
1112 2933 1346 3045 extirpandi
1382 2944 1425 3017 et
1458 2933 1627 3020 locandi
1664 2961 1762 3019 oum
1798 2933 1992 3020 omnibus
2013 2941 2057 3016 et
2121 3021 2128 3034 ,

303 3127 306 3136 ,
400 3055 578 3166 singulis
598 3054 864 3161 utilitatibus,
885 3053 1105 3160 fructibus,
1125 3053 1414 3164 prouentibus,
1437 3053 1646 3155 censibus,
1662 3053 1910 3157 redditibus,
1926 3053 2055 3165 agris,

272 3197 276 3206 ·
395 3176 540 3286 pratis,
561 3175 735 3284 campie,
754 3175 937 3287 pascuis,
957 3171 1085 3278 siluis,
1106 3172 1254 3278 borris,
1275 3173 1529 3278 nemoribus,
1562 3174 1684 3284 gaijS,
1717 3167 1894 3276 maricis,
1926 3197 2053 3282 quer·

398 3298 516 3400 cetis,
536 3294 744 3404 virgultis,
765 3293 1080 3397 venacionibus,
1102 3293 1477 3404 aucupacionibuS,
1513 3291 1744 3402 mellifioijs,
1760 3291 1944 3403 piscinis,
1965 3291 2052 3402 pis·

399 3415 569 3518 naturis,
589 3411 781 3518 lacubus,
802 3409 1042 3524 paludibus,
1062 3411 1324 3517 molendinis,
1346 3413 1497 3524 fluvijs,
1527 3413 1648 3517 riwia,
1681 3415 1804 3526 aquis
1837 3419 1879 3495 et
1910 3439 2056 3496 earum

400 3533 660 3637 decursibus,
702 3560 753 3616 ac
775 3531 1046 3640 cohercnoiJS,
1076 3532 1359 3643 pertinencijs.
1382 3543 1425 3618 et
1446 3533 1665 3643 appendijs
1693 3531 1899 3617 universis
1920 3529 2056 3615 adibi-

400 3653 496 3736 dem
518 3651 708 3762 quolibet
723 3651 821 3768 (sic)
843 3651 898 3737 ab
921 3652 1104 3760 antiquo
1126 3652 1431 3762 spectantibus,
1453 3653 1578 3763 ydem
1601 3645 1778 3736 Zaklica
1799 3679 1896 3742 cum
1916 3649 2053 3733 fratri·

232 3817 239 3836 =
396 3771 490 3876 bus,
513 3799 741 3884 eorumque
761 3772 882 3858 liberi
902 3793 954 3854 ac
975 3776 1250 3857 successores
1275 3771 1454 3884 legitimi
1474 3769 1697 3856 habebunt
1719 3768 1815 3884 (sio)
1837 3768 2054 3872 tenebunt,

399 3889 661 3994 utifruentur,
682 3894 879 3998 vendent,
902 3892 1191 3996 comutabunt,
1228 3889 1492 4004 obligabunt,
1528 3889 1785 3993 alienabunt,
1823 3886 2053 3993 donabunt,
2159 3959 2162 3962 .

400 4021 443 4093 et
465 4010 521 4093 ad
541 4035 644 4092 usus
665 4009 955 4121 beneplacitos
992 4011 1043 4093 de
1075 4021 1218 4096 nostra
1253 4012 1468 4095 voluntate
1506 4020 1764 4114 conuertent,
1801 4035 1852 4092 ac
1872 4005 2053 4118 pacifice

399 4131 614 4242 perpetuis
635 4133 895 4238 temporibus
915 4129 1205 4240 possidebunt,
1226 4139 1354 4240 prout
1373 4130 1476 4240 ipsis
1496 4129 1643 4214 melius
1666 4141 1708 4213 et
1727 4128 1867 4213 utilius
1888 4125 2054 4234 videbi·

399 4264 467 4336 tur
487 4249 696 4360 expedire.
727 4247 797 4332 Ita
816 4259 960 4332 tamen
981 4247 1099 4355 quod
1117 4250 1287 4332 racione
1309 4247 1553 4346 donacionis
1577 4249 1779 4354 eiusdem,
1801 4248 1852 4331 do
1875 4244 2053 4355 quibus·

399 4370 505 4454 libet
524 4369 700 4481 triginta
718 4369 848 4452 laneis
868 4369 913 4450 in
932 4367 1234 4476 prenominatis
1256 4367 1382 4472 siluis,
1398 4367 1641 4452 nemoribus
1659 4378 1701 4451 et
1715 4364 1959 4453 fluminibus
1978 4393 2054 4475 per

400 4491 513 4597 ipsos
536 4489 588 4571 de
608 4516 730 4574 nowa
749 4489 892 4572 radice
913 4485 1181 4592 collocandis,
1219 4513 1316 4570 cum
1332 4517 1431 4584 ,una
1450 4489 1612 4594 lancea,
1650 4487 1704 4570 de
1736 4485 1888 4600 viginti
1910 4495 2053 4570 autem

402 4607 531 4692 laneis
554 4639 651 4692 oum
675 4607 853 4716 duobus,
876 4613 920 4690 et
941 4606 1168 4714 dedecem
1184 4634 1280 4690 oum
1300 4636 1385 4693 uno
1408 4607 1640 4719 sagittarijs
1659 4607 1704 4688 in
1720 4609 1844 4720 equis
1864 4615 1908 4687 et
1929 4605 2054 4688 armis

401 4728 513 4813 bene
533 4727 771 4814 valentibus
792 4729 914 4817 nobis
937 4735 980 4812 et
999 4727 1152 4811 nostris
1182 4727 1498 4813 suecessoribus
1534 4729 1690 4811 seruire
1725 4725 1983 4810 tenebuntur
2012 4733 2056 4806 et

402 4846 630 4935 debebunt.
661 4848 825 4935 Harum
847 4841 1039 4964 (quibus)
1060 4846 1244 4959 sigillum
1265 4857 1452 4934 nostrum
1475 4875 1708 4960 appensum
1729 4856 1796 4932 est
1812 4843 2051 4930 testimonio
