4856 5932
998 681 1508 782 ‚-aoo-,

397 893 557 1008 Ltpoua
591 890 772 974 Dathema
793 883 848 998 (³)
872 893 916 968 et
949 882 1122 968 vidouici
1146 883 1201 997 (θ)
1233 901 1331 967 curn
1366 881 1560 969 omnibus
1597 882 1866 993 pertinencijs
1904 869 2090 972 earum·¹

397 1017 505 1120 dem,
526 1012 645 1098 villas
670 1003 874 1092 Cescoaicr'
891 1013 934 1088 et
953 1003 1171 1088 Lussouc'cr'
1188 1001 1241 1118 (¹)
1263 1003 1495 1116 vulgariter
1510 1003 1746 1113 appellatas
1759 1003 2053 1115 cumplnmbis

394 1144 438 1218 et
460 1130 653 1218 omnibus
674 1125 944 1239 pertinencijs
957 1121 1540 1236 earundumlsicffledditum
1556 1123 1653 1206 salis
1671 1149 1797 1233 quem
1820 1119 1988 1212 habetis
2009 1136 2052 1216 in

303 1255 305 1262 ’
399 1254 584 1340 Ciuitate
608 1245 882 1334 Oracouiensi
911 1247 954 1328 in
974 1244 1070 1330 loco
1094 1245 1168 1355 qui
1186 1252 1363 1328 vocatur
1397 1241 1628 1354 vulgariter
1664 1237 1963 1354 Arsatmaqium
1985 1243 2054 1360 (Β).

396 1372 624 1458 Redditum
645 1369 743 1451 salis
766 1393 892 1480 quem
913 1362 1079 1447 habetis
1100 1363 1144 1444 in
1164 1362 1262 1448 villa
1278 1388 1362 1472 que
1378 1361 1609 1473 vulgariter
1629 1361 1867 1473 appellatur
1887 1363 2056 1450 Boclrna

396 1522 494 1576 cum
515 1491 658 1576 Terris
680 1487 812 1599 pratis
833 1485 968 1568 vineis
990 1483 1232 1567 nemoribus
1255 1481 1458 1594 Vsuagijs
1480 1479 1577 1596 (sic)
1600 1490 1643 1564 et
1662 1483 1835 1593 piscinis
1856 1483 1900 1566 in
1921 1483 2053 1570 bosco

394 1623 438 1696 ct
457 1612 585 1721 plano
606 1611 650 1690 i'n
671 1606 808 1714 Aquis
833 1614 875 1686 et
895 1599 1143 1688 Molendinis
1164 1605 1207 1685 in
1229 1601 1307 1711 vijs
1332 1611 1375 1686 et
1394 1605 1555 1685 semitis
1584 1597 1844 1687 et'omnibus
1882 1601 1974 1713 aliJ's
2005 1605 2055 1688 li-

394 1730 632 1817 bertatibus
655 1737 699 1810 et
716 1717 1055 1807 immunitatibus
1077 1723 1178 1806 suis.
1232 1719 1344 1806 Sane
1366 1722 1579 1806 noualium
1598 1729 1833 1806 uestrorum
1856 1751 1939 1833 que
1956 1751 2055 1836 pro·

394 1851 494 1963 prijs
516 1847 754 1958 sumptibus
777 1843 911 1928 colitis
934 1845 984 1926 de
1009 1843 1165 1951 quibus
1202 1840 1355 1949 aliquis
1386 1841 1594 1928 hactenus
1625 1870 1710 1927 non
1739 1843 1930 1952 percepit
1955 1845 2054 1928 siue

397 1973 449 2056 de
471 1979 707 2053 uestrorum
744 1964 987 2048 animalium
1018 1961 1282 2044 nutrimentis
1318 1961 1459 2045 nullus
1483 1991 1508 2046 a
1529 1961 1652 2046 nobis
1675 1963 1861 2046 decimas
1883 1964 2056 2076 exigere

395 2089 466 2176 uel
500 2097 751 2196 extorquere
782 2089 1000 2192 presumat
1029 2079 1182 2164 Liceat
1213 2105 1389 2191 quoque
1424 2080 1547 2168 nobis
1582 2108 1787 2192 personas
1823 2080 1977 2168 liberas
2015 2093 2058 2168 et

397 2207 616 2296 absolutas
638 2235 661 2289 e
684 2204 826 2288 seculo
848 2202 1064 2316 fugientes
1096 2203 1152 2286 ad
1172 2202 1491 2285 conuersionem
1521 2203 1708 2312 recipere
1730 2211 1774 2284 et
1793 2229 1865 2284 eas
1888 2201 2056 2315 absque
2186 2243 2204 2276 .

395 2325 736 2414 contradiccione
758 2322 902 2430 aliqua
923 2322 1115 2405 retinere.
1164 2317 1443 2405 Prohibemus
1480 2324 1653 2430 insuper
1672 2332 1723 2404 ut
1741 2321 1843 2404 nulli
1862 2349 2054 2407 sororum

395 2459 631 2532 uestrarum
652 2452 751 2553 post
771 2441 931 2526 factam
952 2443 995 2524 in
1016 2439 1276 2526 Menanterio
1313 2451 1453 2526 vestro
1490 2441 1793 2551 professionem
1822 2440 1932 2550 phas
1955 2439 2054 2555 (sic)

396 2571 451 2650 sit
471 2569 561 2651 sine
582 2563 814 2647 Abbatisse
836 2589 912 2646 sue
931 2563 1109 2646 licencia
1138 2561 1219 2644 nisi
1240 2559 1402 2644 artioris
1439 2560 1674 2676 Religionis
1706 2559 1884 2644 obtentu
1907 2561 1960 2644 de
1983 2589 2056 2646 eo·

397 2688 491 2770 dem
512 2686 605 2769 loco
629 2683 846 2765 discedere
869 2681 1158 2765 discedentem
1179 2697 1279 2764 vero
1301 2677 1703 2792 absquecommuni
1722 2681 1958 2765 litterarum
1978 2707 2056 2766 no·

396 2817 578 2891 stratum
601 2801 965 2886 caucionenullus
997 2800 1156 2885 audeat
1185 2803 1365 2882 retinere
1397 2799 1508 2884 Oum
1529 2809 1673 2888 autem
1696 2799 1899 2912 generale
1919 2801 2057 2886 loter-

398 2927 560 3010 dictum
580 2931 692 3004 terre
713 2921 838 3005 fuerit
858 2919 1143 3006 liceatvobis
1181 2919 1338 3002 clausis
1370 2920 1522 3030 ianuijs
1554 2922 1653 3036 (sic)
1686 2921 2058 3006 exclusisexcom·
2088 2947 2093 2953 ·

396 3041 621 3128 municatis
646 3049 688 3122 et
707 3041 947 3124 Interdictis
968 3069 1053 3126 non
1074 3039 1252 3150 pulsatis
1284 3043 1501 3150 campanis
1533 3069 1766 3152 suppressa
1785 3067 1891 3126 voce
1914 3040 2059 3124 diuina

397 3163 539 3250 officia
570 3160 783 3245 celebrare
817 3161 1044 3246 dummodo
1076 3187 1249 3258 causam
1282 3185 1366 3242 non
1399 3159 1599 3244 dederitis
1628 3160 1859 3246 Interdicto
1891 3158 2058 3245 Crisma

397 3311 497 3370 vero
521 3282 659 3365 oleum
690 3287 888 3363 sanctum
919 3281 1269 3366 consecraciones
1303 3277 1509 3362 Altarium
1532 3309 1610 3364 seu
1630 3278 1903 3363 basilicarum
1923 3278 2058 3364 bene-

352 3473 358 3478 .
398 3403 612 3487 diceiones
633 3399 876 3484 Monialium
897 3429 923 3484 a
946 3401 1186 3512 dyocesano
1218 3399 1464 3506 suscipietis
1494 3400 1710 3511 Episcopo
1743 3399 1954 3507 siquidem
1985 3426 2059 3482 ca-

397 3521 581 3632 tholicus
601 3519 730 3603 fuerit
752 3529 795 3601 et
815 3521 1004 3631 graciam
1038 3529 1081 3602 et
1113 3517 1406 3603 comunionem
1438 3531 1709 3604 sacrosancte
1731 3518 1924 3604 Romane
1946 3519 2059 3602 sedis

398 3642 595 3725 habuerit
616 3649 659 3723 et
679 3667 729 3722 ea
752 3637 874 3724 vobis
905 3639 1088 3726 voluerit
1119 3639 1210 3722 sine
1244 3640 1460 3748 prauitate
1489 3640 1637 3752 aliqua
1667 3638 1878 3740 exhibere,
1910 3637 2061 3746 Sepul-

397 3771 536 3844 turam
556 3783 731 3872 quoque
751 3759 882 3871 ipsius
903 3759 986 3845 loci
1005 3758 1179 3843 liberam
1212 3785 1307 3841 esse
1329 3758 1594 3844 decernimus
1626 3768 1674 3842 ut
1695 3785 1838 3842 eorum
1861 3756 2060 3841 deuocio·

397 3881 442 3964 ni
464 3889 506 3961 et
525 3890 710 3961 extreme
742 3879 947 3964 voluntati
979 3880 1053 3990 qui
1084 3907 1131 3963 se
1161 3877 1247 3962 illic
1275 3879 1442 3987 sepeliri
1479 3876 1807 3964 deliberauerint
1841 3876 1922 3958 nisi
1951 3873 2059 3960 sorte

398 3998 706 4084 excomunicati
726 3999 795 4080 uel
817 3997 1038 4081 Interdicti
1059 3999 1143 4082 sint
1166 4007 1240 4081 aut
1262 3999 1396 4081 eciam
1412 3998 1578 4108 publice
1595 3997 1771 4107 vsurarij
1788 3994 1927 4078 nullus
1944 3995 2059 4080 obsi·-

399 4129 496 4203 stat.
520 4116 644 4200 salua
664 4125 807 4198 tamen
841 4117 1010 4200 iusticia
1044 4117 1206 4200 illarum
1244 4115 1518 4202 ecclesiarum
1551 4147 1578 4201 a
1606 4115 1762 4230 quibus
1798 4123 2059 4198 mortuorum
2191 4194 2194 4198 ,

504 4355 544 4518 lll
567 4353 782 4502 ldldriddubio
797 4434 874 4502 villa
898 4437 1085 4514 Witlcowira‚
1102 4435 1141 4502 de
1153 4415 1218 4520 qua'
1234 4431 1269 4500 in
1288 4435 1404 4504 tabula
1416 4437 1534 4508 XVllI
1550 4437 1646 4523 hujus
1663 4436 1743 4504 tomi
1782 4457 1801 4501 a
1827 4438 1902 4502 .34.
1918 4436 1986 4522 jam
2004 4457 2056 4500 su·

400 4541 459 4607 pra
474 4521 622 4589 diximus.
656 4520 808 4588 Aliarum
824 4521 972 4588 villarum
989 4519 1061 4588 loca
1077 4521 1111 4587 in
1128 4521 1398 4591 annotationibus
1414 4523 1456 4591 ad
1471 4523 1706 4614 praecedentes
1722 4459 1850 4588 ulula
1866 4517 2054 4608 designavi-

312 4705 316 4714 “
402 4630 483 4686 mm
499 4609 750 4774 llllbrgdlgdrdidd
765 4619 804 4758 dl
813 4625 997 4772 dediderim,
1011 4693 1107 4760 villae
1121 4695 1203 4762 sitae
1215 4695 1247 4760 in
1262 4693 1455 4782 Reipublica
1470 4695 1548 4762 olim
1567 4637 1850 4770 cracoviensiom
1873 4691 1979 4781 Regni
1994 4689 2060 4756 Po·

402 4773 509 4840 lon'rae
521 4775 665 4842 moderni
681 4778 851 4846 linitimae.

509 4862 548 4941 (⁸)
573 4860 626 4924 Ad
644 4860 690 4928 sal
706 4886 866 4951 magnum.
