4822 5924
451 895 648 998 scribier
661 899 900 1013 Sigillorum
937 907 1173 988 neumarum
1209 897 1397 984 Abbatis-
1431 907 1474 982 et
1489 897 1752 985 xuonvennn
1793 901 2104 1012 praedictorum

450 1017 679 1109 munimine
712 1018 889 1104 fecimus
924 1017 1121 1106 roborari.
1173 1017 1328 1105 Aoum
1361 1029 1405 1102 et
1433 1017 1578 1102 datum
1600 1019 1643 1100 in
1663 1017 1915 1106 Monastsrio
1949 1035 2102 1112 nostro

452 1139 693 1254 Tynecensi
742 1141 960 1250 praedicto
1000 1139 1043 1222 in
1083 1137 1231 1248 vigilia
1281 1138 1477 1247 Corporis
1527 1135 1697 1224 Christi.
1758 1137 1883 1224 Anco
1933 1141 2104 1233 Domini

448 1263 503 1346 M.
527 1257 654 1346 000.
677 1257 731 1342 X.
755 1259 804 1345 0.
821 1257 875 1344 ΙΙ.
926 1255 1224 1343 Praesentibus
1245 1257 1466 1342 Nobilibus
1489 1266 1534 1340 et
1556 1257 1758 1342 Discretis
1778 1261 1877 1342 viris
1897 1259 2101 1354 Dominis:

448 1379 657 1465 Michaele
678 1375 859 1464 Rectene
879 1377 1098 1461 Ecclesiae
1120 1374 1268 1462 Sancti
1289 1373 1452 1460 Nicolai
1472 1375 1675 1486 Suburby
1696 1376 2007 1486 Oracovieuais,
2029 1381 2104 1464 Ni·

448 1499 567 1584 colao
587 1495 786 1581 Andreae
808 1494 904 1610 (sic)
928 1499 981 1580 de
1009 1493 1177 1578 Wislr'co
1196 1495 1302 1582 Cive
1325 1495 1609 1598 cracoviensi,
1626 1496 1798 1580 Andron
1812 1495 2101 1612 loannislsic)

449 1619 502 1702 cle
521 1615 773 1725 Koncryslco,
796 1615 980 1701 Jasoono
1004 1615 1055 1696 de
1086 1612 1347 1698 Wrcblcwr‘ce
1373 1615 1647 1718 haeredibus,
1675 1615 1850 1701 Nicolac
1881 1613 2101 1703 Benedicti
2206 1609 2210 1615 ¹

449 1733 697 1836 desiccas,
719 1736 894 1821 Nicolao
915 1734 1093 1819 Jcannis
1117 1735 1169 1816 de
1190 1731 1382 1845 Brzezr'rry
1395 1733 1684 1839 'Gueanensia
1719 1732 1894 1821 Nicolao
1930 1737 2100 1840 Martini

450 1857 502 1940 de
525 1799 697 1938 Leimon,
708 1855 1018 1958 Oracovieusis‚
1051 1851 1220 1938 Simone
1241 1851 1418 1938 Nicolai
1426 1855 1477 1936 de
1508 1851 1720 1936 Wrienrtnt
1742 1833 2100 1940 Wratisluviensis

448 1975 732 2085 Dicaeceseos
768 1973 952 2085 Notarys
987 1972 1168 2086 publicis
1201 2001 1253 2056 ac
1283 1973 1373 2084 alys
1411 1999 1540 2082 quam
1574 1971 1763 2082 phuibus
1800 1983 1898 2058 teste
1887 1973 1980 2059 bus
2015 1973 2101 2140 lide

451 2094 602 2208 dignis.

1149 2534 1405 2650 Clllllllll.

774 2791 1188 2897 (Grccouiccl—
1143 2793 1268 2876 -n
1284 2791 1431 2896 Mil
1450 2789 1595 2878 1³92
1613 2803 1778 2878 cerno.

476 3013 589 3088 aaut
601 3012 800 3109 nunriis
815 3013 1082 3106 obrutissimi
1103 3012 1179 3086 risis
1200 3011 1416 3100 caesuras,
1436 3029 1506 3086 rm
1519 3012 1582 3086 llio
1596 3030 1652 3116 l¹⁰
1666 3012 1834 3100 iurem
1848 3010 1970 3088 bnon
1983 3029 2072 3088 sun

709 3214 712 3225 Ι
851 3225 856 3234 ,
945 3114 1094 3208 bulum
1110 3115 1274 3190 lucrum
1287 3113 1402 3210 jrirro
1430 3116 1536 3190 rous
1552 3121 1602 3198 (¹.)

454 3320 458 3334 ’
552 3323 643 3410 Sub
664 3319 787 3410 Anno
810 3323 963 3408 domini
983 3321 1199 3408 millesimo
1221 3321 1561 3412 Trecentessimo
1591 3325 1878 3440 Nonagesimo
1900 3322 2099 3413 Secundo

448 3443 552 3528 feria
573 3443 703 3530 Sexta
722 3445 911 3556 proxima
930 3452 1028 3554 post
1047 3439 1200 3528 festum
1230 3441 1346 3526 beati
1366 3445 1566 3557 procopij
1614 3443 1829 3530 Judicium
1851 3445 1931 3528 fuit
1949 3443 2100 3529 banni-

448 3575 539 3646 tum
561 3593 635 3674 per·
655 3563 924 3648 Aduocatum
944 3562 1162 3648 Nicolaum
1187 3555 1380 3648 Schaffer
1400 3570 1443 3645 et
1464 3561 1670 3650 Scabinos
1702 3564 1933 3649 submissos
1953 3564 2098 3648 videli-

449 3694 529 3766 cet.
581 3681 801 3768 Nicolaum
823 3681 1025 3765 Flenczer
1046 3679 1077 3765 J
1080 3681 1285 3766 ohannem
1307 3683 1519 3798 Puswang
1520 3713 1543 3766 e
1573 3680 1780 3796 Tylonem
1804 3681 2002 3768 Zatheler
2021 3683 2097 3767 Ni·

447 3801 612 3886 colaum
648 3799 855 3886 Grudner.
893 3799 924 3885 J
926 3801 1132 3885 ohannem
1170 3800 1480 3887 Statschreibcr
1488 3715 1682 3888 gPetrum
1719 3801 1888 3912 Geytan
1923 3801 2096 3886 Petrum

272 4019 277 4030 Ι
446 3919 608 4033 Briger.
633 3917 794 4032 anper
826 3919 985 4032 Orugil.
1017 3918 1227 4004 Jacobum
1260 3917 1596 4006 Tewdirnewdin
1628 3921 1848 4008 Nicolaum
1881 3917 2098 4016 Gemelich

450 4053 494 4124 et
513 4039 735 4124 Nicolaum
752 4037 975 4123 Plathener
993 4036 1147 4124 Ocram
1169 4066 1253 4148 quo
1274 4035 1445 4124 Judicio
1462 4038 1623 4126 Nobilis
1646 4039 1812 4126 domina
1827 4039 2099 4152 Margaretha

439 4161 595 4244 ‘relicta
617 4159 830 4270 quondam
855 4157 1140 4268 Scepanccnis
1166 4167 1208 4240 et
1226 4157 1476 4241 Franciscus
1512 4159 1621 4243 filius
1644 4163 1732 4244 eius
1751 4159 1981 4272 legittimus
1999 4157 2097 4270 (sic)

447 4283 541 4392 ipso
563 4277 647 4365 filio
668 4305 744 4364 suo
763 4305 840 4390 pro
861 4285 998 4374 tutore
1018 4285 1190 4386 recepto
1210 4277 1524 4390 presencialiter
1555 4279 1770 4363 constituti
1792 4281 1961 4364 domum
1982 4277 2098 4386 ipso·

447 4429 540 4484 rum
570 4399 777 4512 lapideam
809 4425 983 4507 paruam
1013 4403 1123 4480 retro
1154 4423 1352 4508 magnam
1383 4399 1567 4508 ipsorum
1589 4397 1759 4484 domum
1782 4423 1911 4508 quam
1930 4392 2096 4480 inhabi-

449 4527 543 4603 tant
562 4517 808 4604 fundament
811 4516 927 4600 aliter
946 4515 1069 4600 sitam
1091 4543 1188 4603 cum
1208 4515 1365 4600 eisdem
1385 4516 1544 4603 iuribus
1564 4519 1699 4603 modis
1721 4527 1765 4600 et
1781 4513 1982 4602 limitibus
2003 4517 2098 4628 qui·

556 4779 1080 4931 UAhtprg
1026 4777 1392 4868 dptsl
1380 4780 1679 4912 uiskuReliuiqae
1705 4789 1831 4911 tarrurut
1845 4787 2012 4848 rrmrcrtt
2013 4777 2096 4846 icela

450 4883 629 4955 pelasga
650 4865 854 4952 risuum
