4890 5924
1047 697 1326 772 ...261-

340 903 521 990 honesto
542 901 631 984 viro
664 895 852 982 dolranni
884 895 938 980 ds
971 896 1127 980 Serena
1148 900 1204 980 ad
1223 899 1453 982 locandam
1471 899 1516 979 in
1538 903 1687 984 eadem
1723 911 1863 998 vilhm
1885 915 2011 1006 xxv

197 997 207 1014 ⁸
337 1021 562 1107 mansibus
592 1015 850 1100 franconicis
880 1007 989 1098 dure
1019 1014 1268 1100 thermaico
1304 1013 1667 1126 Maydeburgensi
1693 1047 1823 1127 quam
1843 1033 2011 1124 dem„

342 1135 546 1222 sledda
566 1130 621 1248 (³)
642 1133 835 1218 vehimus
858 1131 1077 1242 appellare
1098 1134 1262 1218 ratione
1284 1135 1406 1242 cujus
1427 1123 1655 1218 lecacionis
1677 1135 1899 1230 «lebannes
1919 1179 2013 1260 pm.

342 1259 484 1338 (lictus
515 1281 612 1335 cum
635 1253 723 1334 suis
744 1249 947 1359 legitimis
984 1249 1304 1334 successoribus
1343 1248 1521 1332 habebit
1558 1250 1820 1337 Sculteeiam
1856 1261 2013 1358 ibidem

341 1385 546 1484 perpetuo
568 1381 630 1451 aa
643 1367 895 1452 hereditarie
918 1395 1017 1449 cum
1038 1368 1200 1450 iuribus
1220 1365 1500 1476 irrirascriptis
1520 1369 1719 1452 videlicet
1746 1395 1876 1458 vnum
1895 1407 2015 1482 man.

342 1519 438 1576 sum
460 1488 639 1590 liberum
659 1505 789 1569 vnam
810 1485 1058 1570 Tabernam
1075 1485 1256 1570 liberam
1287 1486 1472 1569 bancam
1492 1481 1653 1593 panum
1677 1486 1879 1574 Sutorum
1897 1493 2015 1584 Mae.

342 1607 492 1692 cossam
534 1606 724 1688 carnium
766 1601 946 1686 Sextum
983 1603 1200 1686 denarium
1220 1603 1482 1684 censualem
1518 1605 1690 1686 tertium
1721 1605 1941 1718 denariam
1962 1619 2014 1702 da

284 1735 287 1742 ’
344 1725 540 1834 qualibet
568 1751 616 1806 re
643 1722 854 1808 dudioata
886 1719 1053 1804 duobus
1089 1747 1190 1805 vero
1225 1746 1304 1829 pro
1339 1721 1464 1803 nobis
1499 1715 1727 1804 reseruatis
1742 1721 2017 1820 ¹Incrementa

342 1845 483 1948 emnia
504 1841 638 1922 eciam
663 1838 956 1923 Molendinum
974 1839 1018 1918 in
1039 1838 1248 1920 descensu
1268 1839 1387 1920 fluuii
1407 1835 1488 1919 sub
1510 1839 1676 1946 piscina
1706 1839 1840 1950 Regis
1860 1854 2016 1951 poterit

343 1959 550 2044 collocare
573 1959 709 2068 eciam
731 1957 928 2038 addimus
948 1957 1052 2062 ipsis
1074 1955 1127 2042 de
1149 1954 1299 2066 gracia
1320 1965 1467 2038 nostra
1487 1955 1660 2064 speciali
1688 1959 1876 2040 medium
1895 1991 2016 2047 man-

343 2105 437 2188 sum
456 2103 534 2186 pro
554 2074 751 2184 pellendo
773 2099 908 2182 grege
928 2083 973 2154 et
992 2073 1180 2180 medium
1212 2097 1289 2182 pro
1325 2075 1396 2155 via
1433 2097 1517 2179 que
1553 2067 1787 2184 vulgariter
1822 2077 2017 2166 aramma

339 2196 596 2296 nominatur.
634 2191 703 2274 Ad
723 2191 882 2272 iudicia
899 2217 1182 2302 veromagna
1203 2217 1289 2300 que
1310 2199 1375 2271 ter
1395 2191 1437 2272 in
1459 2216 1570 2274 anno
1590 2189 1682 2272 fieri
1702 2209 2019 2284 consueuerun't

219 2323 242 2348 ,·
343 2337 430 2418 que
449 2310 628 2394 bannita
651 2309 856 2390 dicuntur
886 2315 1030 2400 nostro
1130 2335 1260 2418 quem
1280 2307 1441 2390 adhoc
1462 2307 1769 2391 constituemus
1801 2306 2017 2399 sedatus

331 2457 474 2527 ,vnum
509 2427 734 2536 prandium
756 2437 801 2507 et
819 2405 1072 2524 kmethones
1111 2425 1195 2508 duo
1230 2424 1412 2534 prandia
1442 2423 1607 2508 dabunt
1637 2423 1706 2508 vel
1725 2453 1801 2533 pro
1824 2427 2017 2536 quolibet

295 2563 308 2592 ·
341 2547 519 2654 prandio
540 2543 756 2628 ferronem
778 2548 1023 2654 grossorum
1056 2542 1157 2624 date
1176 2541 1448 2624 tenebuntur.
1500 2542 1680 2652 Insuper
1700 2543 1802 2626 ville
1820 2543 2019 2633 kmetho-

342 2689 418 2752 nes
437 2663 627 2771 predicte
648 2659 843 2743 libertate
864 2661 1056 2768 expirata
1077 2661 1129 2741 de
1152 2659 1344 2768 quolibet
1373 2681 1522 2742 manso
1554 2659 1730 2771 singulis
1752 2661 1870 2744 annis
1891 2663 2018 2750 nobis

344 2789 389 2862 et
408 2780 561 2864 nostris
583 2779 900 2887 successoribus
921 2777 967 2858 in
985 2775 1095 2859 festo
1116 2779 1253 2872 sancti
1285 2777 1455 2876 Martini
1474 2777 1637 2860 radone
1659 2805 1814 2876 census
1833 2782 2018 2866 mediam

342 2924 530 2980 marcam
549 2923 624 3006 pro
635 2897 829 3010 pecunia
849 2921 949 2978 vero
966 2923 1022 2978 cu
1034 2893 1132 3005 (sic)
1146 2896 1289 2978 deiure
1306 2894 1489 2977 debetur
1508 2922 1639 2976 vnum
1659 2893 1873 2979 ferronem
1894 2927 2018 3010 gros*
2160 2983 2167 2990 ,

249 3093 253 3101 .
343 3043 485 3100 sorum
582 3025 683 3098 v'ero
704 3043 831 3098 vnam
849 3040 1093 3096 mensuram
1114 3012 1291 3123 siliginis
1312 3019 1358 3092 'et
1376 3039 1504 3093 unam
1521 3037 1764 3096 mensuram
1786 3041 1923 3100 auena
1943 3017 2018 3103 vbi

346 3133 490 3216 diuina
526 3131 736 3212 audierint
770 3143 811 3212 et
833 3129 1125 3214 ecclesiastica
1160 3131 1428 3240 perceperint
1464 3123 1734 3212 sacramenta
1769 3133 1937 3218 soluerit
1974 3149 2019 3220 et

346 3251 508 3333 soluere
530 3251 615 3330 sint
635 3249 809 3330 astricti.
862 3249 1011 3330 Eciam
1048 3249 1254 3330 scultetus
1274 3249 1489 3357 predictus
1511 3247 1567 3328 ad
1590 3247 1826 3353 quamlibet
1846 3255 2018 3360 expedi·

345 3369 509 3449 cionem
546 3365 792 3476 generalem
828 3393 955 3449 vnarn
993 3363 1181 3456 Marcam
1218 3393 1463 3476 grossorum
1499 3365 1662 3448 ratione
1685 3368 1816 3449 ....'sit
1835 3371 2016 3470 soluere

306 3469 556 3566 'astrictus
607 3483 804 3566 Preterea
847 3481 1085 3568 scutetum
1125 3481 1378 3566 kmethones
1412 3489 1454 3562 et
1483 3479 1643 3592 incolas
1684 3483 1782 3564 ville
1823 3485 2016 3592 predicte

344 3599 604 3684 absoluimus
626 3597 682 3683 ab
705 3599 904 3685 omnibus
936 3597 1098 3681 iuribus
1121 3609 1165 3680 et
1183 3599 1543 3712 iurisdictionibus
1586 3599 1772 3680 omnium
1807 3599 2017 3707 palatino-

342 3747 434 3802 rum
448 3718 798 3814 Oastellanorum.
831 3717 1036 3816 Judicu'm
1051 3715 2020 3828 subiudicum,misterialiumque(sic)ips0mm.

342 3838 490 3948 itaque
527 3849 671 3925 coram
705 3835 808 3945 ipsis
843 3863 934 3944 pro*
953 3835 1094 3918 causis
1129 3832 1297 3942 magnis
1320 3843 1364 3914 et
1382 3832 1525 3946 paruis
1544 3842 1652 3940 puta
1671 3829 1773 3916 furti
1793 3839 2015 3948 sangrdnis

268 3990 271 4000 ¹
343 3955 559 4040 homicidii
579 3983 632 4037 ac
653 3955 746 4036 aliis
768 3951 964 4036 omnibus
997 3955 1136 4036 causis
1168 3950 1286 4033 citati
1322 3951 1490 4032 minime
1509 3949 1831 4056 respondebunt
1851 3955 1930 4037 sed
1948 3965 2016 4038 ta-

344 4101 440 4154 men
459 4071 711 4157 kmethones
746 4071 845 4156 ville
881 4069 1073 4182 predicte
1108 4095 1251 4153 coram
1271 4095 1349 4152 suo
1374 4067 1563 4176 Scultcto
1599 4069 1789 4182 predicto
1811 4097 1888 4158 suo
1910 4070 2017 4159 «lure

345 4408 401 4451 rus
417 4365 561 4474 Magnus
582 4386 748 4453 advocato
763 4385 894 4454 cuidam
907 4385 992 4451 hanc
1008 4385 1124 4462 urbem
1147 4384 1322 4452 locandam
1348 4383 1501 4469 permisit
1521 4407 1550 4448 a.
1566 4386 1659 4451 1361.
1682 4385 1774 4453 Urbi*
1778 4387 1846 4470 jam
1859 4386 2017 4456 fundatae

343 4469 460 4569 privile
488 4475 552 4536 'um
568 4473 748 4574 erectionis
763 4493 792 4570 a:
808 4473 889 4537 1366
906 4469 1008 4554 dedit,
1022 4478 1223 4578 ¹posteaque
1238 4493 1320 4535 vero
1335 4477 1535 4616 testamentlp
1552 4469 1714 4617 “filiii
1731 4477 1928 4625 egpppppppl
1947 4475 2016 4624 fra}
2096 4477 2106 4485 '

344 4553 557 4706 {dliiiulriniJ
557 4553 1279 4726 galidiirririldittimcoi’irripoiim’rsriarrggziyotriea
1286 4553 1551 4725 giiiiizyiinsi
1561 4574 1691 4718 1(15:16).
1714 4600 1722 4618 ι
1775 4719 1782 4735 ι
1930 4584 1951 4625 α
1964 4581 2000 4728 es·

448 4725 492 4806 (³)
515 4721 680 4791 Stawialcn
695 4733 750 4792 est
764 4723 853 4802 villa,
869 4735 955 4808 quae
972 4747 1001 4802 a.
1015 4727 1098 4792 1676
1113 4723 1157 4788 ad
1173 4723 1366 4809 parochiam
1389 4719 1708 4819 Lanckoronensem
1723 4719 1895 4788 attinebat.
1934 4723 2015 4792 sla-

343 4809 426 4884 ra'aa
441 4830 523 4874 vero
539 4807 602 4874 fuit
617 4807 735 4876 eodem
750 4818 902 4896 tempore
917 4808 952 4874 in
967 4809 1105 4896 regione
1121 4806 1334 4878 Cachovensi
1347 4805 1426 4872 villa
1440 4803 1652 4892 parochialis.
