4822 5924
1150 721 1216 740 “fi
1252 685 1341 764 ,ω
1392 719 1443 740 —
1566 739 1573 746 ¹

1037 1011 1439 1146 manciadae-18¹0
1456 1093 1570 1134 uno·

581 1255 695 1340 (Aliud
708 1264 758 1324 eet
774 1255 991 1345 apographon
1030 1257 1181 1346 rivilegii‚
1201 1261 1268 1343 jam
1289 1281 1310 1324 a
1323 1257 1418 1324 nobis
1438 1257 1529 1346 typis
1551 1257 1678 1326 exanati
1699 1281 1809 1347 supra,
1831 1257 1865 1325 in
1888 1259 2013 1328 Codice
2035 1259 2130 1348 hujus

478 1340 575 1412 Tomi
613 1366 667 1430 ag.
682 1343 733 1406 33.
769 1282 1078 1432 Aoraphonlmc
1092 1366 1172 1410 uero
1188 1341 1344 1410 lectiones
1372 1342 1537 1410 uariantes
1552 1343 1708 1430 etmagni
1731 1344 1829 1412 etiam
1844 1345 1999 1415 momenti
2017 1343 2129 1429 haben

475 1426 560 1495 hacc
575 1367 619 1494 ob
633 1449 766 1494 caueam
780 1366 835 1492 illb
872 1422 1027 1494 hocloco
1043 1429 1227 1516 repetimus.
1264 1425 1453 1496 Omittimus
1482 1421 1620 1506 initiam,
1648 1427 1736 1513 quod
1751 1427 1857 1495 lector
1870 1431 2014 1498 invenire
2030 1453 2130 1520 supra

476 1521 588 1600 potest
602 1511 623 1578 l.
636 1536 677 1597 c.‚
695 1522 814 1599 postea
827 1533 905 1579 vero
921 1524 1100 1598 sequuntur
1114 1516 1284 1595 carbas...)

580 1679 870 1770 ....Occasione
888 1685 1258 1796 durispatronatus
1280 1689 1369 1778 sive
1389 1687 1685 1798 possessionis,
1706 1685 1774 1772 vel
1795 1689 1918 1796 quasi
1939 1689 2128 1773 eiusdem

475 1803 592 1890 duris
609 1803 802 1908 decimis,
818 1833 869 1890 ex
883 1806 991 1890 villis
1008 1836 1093 1918 que
1110 1820 1209 1891 sunt
1224 1808 1322 1890 sitte
1340 1805 1436 1922 (sic)
1454 1833 1531 1889 seu
1544 1805 1684 1891 locate
1702 1817 1745 1889 et
1759 1809 1958 1918 contigue
1980 1807 2128 1894 Mona·

472 1925 605 2009 sterio
617 1923 812 2008 'citandam
834 1923 988 2008 domini
1004 1925 1208 2030 Abbatis,
1230 1953 1407 2038 quarum
1428 1935 1529 2008 sunt
1547 1924 1628 2008 hec
1650 1925 1833 2011 nomina:
1869 1924 2012 2036 Cprim
2026 1929 2129 2014 alies

465 2039 588 2124 ,Gom
606 2045 742 2127 smecti
762 2041 990 2149 Johannis,
1031 2043 1288 2155 Pohmontpn,
1310 2043 1587 2157 Debropnew,
1621 2043 1910 2145 Abrcmooioze,
1956 2045 2129 2132 Graan

467 2160 791 2264 venaticiam,
823 2161 1077 2276 Podporzaap
1113 2174 1155 2246 et
1186 2161 1397 2274 Smybany,
1416 2173 1474 2246 et
1506 2162 1702 2248 omnibus
1728 2163 1818 2272 alijs
1839 2165 2127 2275 adpret'atnm

472 2279 774 2366 Monasterium
803 2281 1124 2392 pertinentibus.
1187 2282 1440 2388 statuimus,
1476 2281 1705 2366 diffinimus
1725 2293 1773 2365 et
1786 2285 2059 2394 precipimus,
2080 2289 2130 2366 u't

465 2397 613 2485 dictus
630 2399 784 2487 Comes
802 2398 1021 2487 Sdislauus
1043 2402 1183 2486 claves
1201 2411 1245 2484 et
1261 2397 1519 2486 Omamenta
1538 2402 1672 2511 ipsi‘us
1685 2401 1879 2486 Ecclesie
1901 2406 1991 2487 sine
2008 2431 2129 2493 mora

470 2520 563 2628 ipso
594 2519 763 2604 domino
794 2517 955 2604 Abbati
987 2519 1236 2635 (meantum,
1265 2521 1357 2605 Nec
1378 2521 1590 2609 de‘cetero
1612 2547 1688 2630 per
1708 2549 1753 2604 se
1775 2522 1843 2606 vel
1861 2551 1936 2634 per
1956 2551 2130 2606 succes-

473 2663 590 2722 sones
610 2665 723 2742 snos,
742 2638 928 2750 prefatos
949 2638 1164 2724 Abbatem
1187 2654 1230 2723 et
1249 2638 1517 2727 Conventum
1540 2645 1670 2751 super
1684 2638 2039 2750 Jurepatronatus
2059 2643 2131 2725 vel

471 2755 645 2841 decimis
666 2757 859 2842 villarum
894 2761 1384 2871 supranominatorum,
1415 2759 1483 2843 vel
1505 2761 1630 2872 quasi
1666 2761 1820 2870 ipsius,
1857 2761 2131 2847 ordinacione

469 2877 606 2988 ipsius
638 2875 831 2962 Eccleeie
868 2879 1070 2984 decimis‚'
1094 2878 1163 2962 vel
1198 2879 1325 2963 rebus
1358 2877 1448 2989 aliJ's
1480 2877 1545 2962 ad.
1565 2879 1696 2990 ipsius
1727 2877 2028 2964 Monasterium
2051 2895 2131 2964 ant

471 2995 711 3080 Ecclesiam
743 2998 827 3082 iam
867 2999 1022 3082 dictam
1058 2997 1387 3107 pertinentibus,
1417 2997 1636 3084 molestare
1668 3025 1744 3080 seu
1774 2999 2009 3106 inquietare
2030 3028 2130 3110 pre·

470 3123 640 3198 sumat.¹
675 3115 881 3202 Volumus
911 3127 1052 3202 autem
1074 3126 1118 3199 et
1138 3118 1379 3202 ordinamus
1410 3127 1596 3230 propter·
1611 3115 1769 3201 bonum
1799 3121 1918 3227 pacis
1952 3127 1997 3202 st
2025 3147 2129 3204 con-

468 3233 631 3340 cordie,
652 3245 701 3320 ut
720 3234 907 3345 prefatus
940 3235 1093 3322 Comes
1127 3235 1315 3320 Sdislaus
1337 3233 1547 3346 prefatum
1567 3233 1782 3320 Abbatem
1802 3245 1846 3324 et
1866 3263 1990 3321 suum
2011 3237 2128 3324 Ocn-

469 3355 641 3436 sien'tum
664 3361 708 3435 et
726 3381 992 3441 successores
1025 3382 1128 3441 suos
1166 3355 1338 3442 her'edes
1374 3365 1419 3437 et
1453 3359 1593 3468 ipsum
1628 3353 1930 3441 Monasterium
1969 3357 2127 3441 debeat

468 3482 687 3584 reputare·⁷
707 3479 751 3556 et
780 3483 986 3586 tanquam
1021 3473 1247 3558 heredibus
1282 3474 1485 3562 honorem
1515 3473 1726 3559 exhibere.
1766 3475 1883 3559 2Hec
1915 3479 2054 3560 omnia
2083 3481 2127 3572 in
2190 3537 2195 3551 .

467 3595 623 3676 virtute
643 3591 902 3677 'duramenti
932 3593 997 3676 vab
1037 3595 1219 3703 utraque
1254 3603 1373 3704 parte
1408 3596 1452 3678 in
1486 3593 1680 3678 manibus
1722 3593 1880 3678 domini
1899 3593 1947 3680 F.
1971 3595 2025 3710 (²)
2049 3597 2127 3680 dei

469 3713 617 3821 gracia
663 3709 919 3800 Gnesnensis
966 3713 1284 3825 Archiepiscopi
1332 3713 1587 3825 precipimus
1629 3721 1843 3824 *perpetuo
1896 3713 2159 3802 observaris¹

470 3828 625 3913 Actum
655 3831 778 3918 Anno
812 3833 967 3918 domini
997 3833 1219 3918 Millesimo
1250 3831 1553 3917 Ducentesimo
1586 3831 1819 3931 Tn'cesimo
1846 3843 2020 3918 octavo.
2064 3835 2124 3928 Jn

469 3949 724 4034 Monasterio
765 3951 996 4036 Acdrzeiom
1013 3954 1070 4033 ·in
1102 3952 1316 4036 caminata
1344 3951 1581 4064 ‘hospitum
1641 3951 1914 4037 Presentibus
1949 3950 2126 4037 Abbate

470 4065 657 4270 :ihusdem
690 4069 794 4174 loci,
829 4081 872 4153 et
907 4069 1092 4176 Renero,
1124 4082 1168 4155 et
1198 4068 1424 4176 warnero,
1455 4083 1499 4156 et
1528 4069 1797 4157 Theodorico
1827 4071 2058 4204 monachis.
2079 4082 2126 4156 et

519 4214 576 4298 Js.

569 4421 615 4504 θ’)
629 4419 679 4517 dd:
688 4431 745 4495 est
753 4421 920 4502 anemis,
935 4423 992 4508 qui
1006 4421 1276 4512 archiepiscopus
1290 4424 1352 4496 l'uit
1367 4425 1408 4494 sb
1420 4447 1449 4494 a
1465 4423 1548 4497 laet
1561 4435 1595 4492 et
1608 4435 1757 4535 mortens
1773 4435 1825 4500 eat
1835 4423 1889 4496 die
1901 4425 1973 4497 5·ta
1984 4426 2123 4514 Aprilis,

469 4505 656 4590 Lasciuae„
730 4552 733 4561 ·
