4952 5926
1151 707 1403 783 -30..

505 911 639 1027 ipsius
672 909 942 995 donationem
962 904 1134 1011 factam,
1169 907 1241 992 vel
1275 908 1556 1016 emptionem,
1591 918 1766 1019 propter
1801 907 2112 1021 neglectionem

490 1039 683 1130 tantam,
706 1026 823 1139 quod
843 1055 870 1108 a
891 1025 1086 1107 Tartaris
1107 1026 1255 1136 primis
1278 1025 1460 1108 eandem
1480 1051 1567 1110 non
1588 1027 1754 1108 ornauit
1788 1024 2018 1111 reformare
2039 1029 2113 1110 de-

506 1147 697 1232 solatam.
729 1142 935 1241 Volumus
952 1144 1070 1254 quod
1089 1144 1174 1228 hoc
1194 1138 1308 1226 idem
1339 1135 1813 1254 Priuilegduarrnullius
1850 1147 1906 1226 sit
1938 1147 2112 1256 vigoris,
2217 1205 2219 1208 -

376 1319 379 1327 2
507 1275 552 1348 et
572 1292 598 1346 a
617 1271 789 1346 nostrae
808 1262 1069 1368 posteritatis
1089 1259 1368 1344 succedaneis
1388 1263 1558 1369 penitus
1578 1260 1772 1345 frivolum
1787 1271 2018 1369 reputetur.
2059 1263 2110 1345 In

505 1409 686 1494 quorum
707 1379 893 1463 omnium
914 1377 1189 1462 stabilitatem
1208 1380 1481 1488 perhennem,
1514 1387 1559 1460 et
1571 1379 1857 1462 firmissimam
1887 1380 2112 1488 perhenni·

504 1508 652 1602 tatem,
672 1526 727 1579 ne
748 1505 927 1606 possent
945 1495 1060 1580 nube
1081 1499 1173 1610 tegi
1194 1497 1429 1600 Obliuionis,
1451 1507 1526 1580 aut
1544 1497 1742 1606 scrupulo
1780 1497 2015 1579 calumniae
2038 1495 2112 1580 ali-
2226 1497 2228 1500 ’

507 1623 720 1730 quatenus
741 1615 1010 1724 praepedirj,·
1028 1626 1299 1725 praesentem
1330 1616 1533 1725 paginam
1552 1616 1688 1699 nostri
1724 1615 1849 1726 sigilli
1881 1615 2113 1696 munimine

394 1759 396 1764 ·
504 1733 685 1818 fecimus
719 1731 922 1840 roborarj.
964 1731 1123 1837 Actum
1157 1736 1202 1815 in
1238 1731 1518 1818 Sandomiria.
1551 1731 1677 1816 Anno
1700 1732 1858 1816 domini
1877 1729 2112 1816 Millesimo

507 1851 796 1933 ducentesimo
833 1851 1051 1959 trigesimo
1073 1862 1193 1952 sexto
1215 1849 1382 1962 (1236).
1415 1849 1719 1952 Praesentibus
1732 1850 1807 1932 bis
1829 1875 2009 1960 quorum
2030 1851 2113 1930 ista
2173 1887 2222 1998 .

503 1977 608 2051 sunt
626 1967 814 2052 nomina·
841 1963 998 2050 Ocmes
1021 1966 1150 2052 Sulco
1183 1967 1450 2053 Castellanus
1483 1965 1793 2072 Oracouiensis,
1812 1968 1973 2052 (lomes
1993 1965 2132 2070 Bora·

505 2085 723 2202 Palatinus
767 2083 1121 2169 Sandomiriensis
1165 2084 1320 2170 comes
1356 2085 1509 2168 Petrus
1545 2085 1763 2170 Palatinus
1802 2083 2138 2180 Oracouiensis„

357 2204 361 2215 '
503 2203 712 2288 Dominus
733 2200 967 2307 Procopius
990 2199 1278 2292 Cancellarius
1299 2230 1374 2311 per
1396 2204 1516 2286 cuius
1536 2231 1707 2285 manum
1739 2204 1820 2285 hoc
1842 2199 2114 2310 Priuilegium

506 2330 572 2405 est
590 2327 844 2429 porrectum.
890 2315 1044 2400 Comes
1076 2320 1276 2405 Nicolaus
1300 2320 1567 2414 Castellanns
1600 2319 1951 2404 Sandomiriensis
1974 2327 2018 2398 et
2039 2317 2113 2399 do-

504 2439 643 2522 minus
665 2433 883 2544 Zyffridus
905 2433 1063 2520 Custos
1085 2437 1307 2525 Ecclesiae
1328 2439 1484 2522 beatae
1505 2438 1666 2520 Mariae
1686 2439 1730 2518 in
1753 2435 2032 2520 Sandomiria.

1213 2757 1341 2872 lllll.

393 3086 402 3108 ι
525 2988 804 3092 ‘Actumero
833 2991 1021 3076 dibeat
1046 2991 1117 3100 (t)
1144 3015 1297 3078 anno
1322 2989 1482 3091 12³2,
1506 2971 1625 3080 sinc
1651 2992 1744 3078 dte
1761 2965 1825 3075 ‘ct
1847 2968 2047 3096 menso.

370 3245 377 3256 -
444 3187 706 3268 chricus
728 3189 791 3262 dax
808 3191 933 3266 sitalco
948 3194 981 3264 et
994 3191 1135 3268 Pdontn
1163 3195 1270 3266 notun
1294 3195 1379 3282 tacit
1404 3193 1509 3268 coniti
1530 3191 1765 3265 rectiore
1780 3190 1916 3284 palatino
1926 3175 2116 3267 camdeni
2206 3181 2210 3186 ’

347 3305 351 3312 -
683 3274 779 3347 tlirn
793 3278 1069 3370 ritanltopoait
1082 3279 1367 3372 respectatur
1381 3279 1587 3352 motiano
1601 3275 1818 3368 mitrata!
1833 3280 1886 3360 (¹).

411 3539 415 3548 .
549 3467 600 3549 In
620 3466 789 3551 nomine
810 3475 959 3549 sancte
983 3476 1025 3549 et
1044 3467 1262 3552 individue
1283 3469 1483 3550 trinitatis
1504 3468 1656 3554 Amen.
1704 3465 1916 3574 Quoniam
1947 3493 2000 3548 ea
2031 3490 2114 3575 que

446 3612 473 3668 a
494 3583 688 3668 discretis
710 3583 950 3668 hominibus
972 3585 1229 3695 intempore
1251 3596 1468 3698 genmtur,
1489 3597 1705 3670 vetustate
1725 3597 1883 3686 tamen,
1919 3611 2005 3696 que
2024 3608 2115 3664 ma·

186 3741 198 3778 ·.
387 3727 405 3754 ·
446 3709 510 3784 ter
531 3701 752 3785 oblivionis
773 3712 850 3808 est,
870 3703 1190 3809 interveniente,
1207 3703 1351 3812 sepitis
1373 3703 1678 3815 (deducuntur
1709 3705 1751 3784 in
1783 3724 1977 3801 errorem,
2000 3697 2113 3780 Hinc

307 3897 312 3922 ,
448 3817 652 3926 estquod
672 3844 751 3900 nos
773 3819 831 3902 H.
856 3819 910 3930 (⁹)
935 3823 1002 3904 dei
1024 3825 1173 3930 gracia
1194 3823 1280 3902 dux
1301 3819 1455 3900 Zilesie
1477 3828 1521 3898 et
1539 3819 1714 3902 Polonis
1734 3818 1896 3902 Notum
1924 3841 2019 3908 esse
2039 3841 2115 3898 vo-

446 3935 584 4020 lumus
606 3933 825 4038 universis,
846 3945 936 4018 tam
956 3935 1226 4043 presentibus
1263 3961 1395 4046 quam
1415 3934 1566 4018 nauis
1602 3935 1715 4016 hanc
1745 3935 1951 4046 paginam
1970 3933 2114 4040 inspe—

551 4131 594 4212 (¹)
615 4127 847 4216 Apographon
862 4129 926 4194 hoc
943 4153 962 4193 a
976 4129 1172 4198 doctissimo
1190 4129 1340 4215 Josepho
1356 4129 1579 4196 Lebkowscio
1604 4131 1809 4216 descriptum
1827 4139 1860 4195 et
1875 4129 1944 4196 sine
1961 4127 2035 4192 ullis
2052 4149 2113 4200 no·

444 4218 491 4284 tis·
504 4215 602 4282 nobis
618 4211 782 4281 Cracoria
795 4214 1023 4280 transmissum
1043 4227 1105 4295 est,
1135 4216 1220 4280 utin
1237 4213 1365 4280 Codice
1380 4216 1473 4300 prelo
1500 4214 1641 4280 daretur.
1666 4215 1887 4300 Archetypon
1912 4215 2054 4290 fortasse
2081 4213 2114 4276 in

401 4303 403 4308 ’
444 4299 646 4366 monasterio
664 4299 929 4384 Szczyrzycensi
943 4309 1155 4366 asservatum.
1170 4298 1375 4366 hebkouslri
1392 4299 1491 4364 multa
1504 4299 1691 4388 privilegia,
1707 4299 1840 4384 quaein
1856 4321 1916 4364 suo
1932 4321 1993 4395 per
2008 4295 2112 4367 Galli-
2162 4327 2165 4340 ·

446 4385 530 4448 ciam
545 4385 585 4448 de
599 4381 820 4450 monumentis
836 4381 996 4448 Poloniae
1011 4381 1182 4449 historicis
1199 4383 1283 4448 bene
1300 4385 1416 4448 merito
1433 4383 1561 4466 itinere,
1584 4383 1618 4448 in
1633 4383 1733 4449 variis
1748 4383 1959 4448 monasterus
1973 4381 2111 4446 invene-

444 4475 506 4548 rat,
522 4469 666 4533 maximo
682 4489 757 4532 curn
773 4465 884 4532 studio
900 4476 966 4532 eto
993 4490 1050 4533 era
1065 4465 1254 4553 descripsit,
1271 4477 1307 4532 ut
1329 4465 1532 4534 illustrandis
1548 4467 1742 4533 domesticis
1754 4465 1860 4534 rebus
1870 4467 1974 4555 gestis
2001 4467 2112 4552 inser·

443 4549 563 4615 virent.
585 4550 698 4696 betha
712 4551 807 4700 opacis
822 4549 950 4618 inclusa
962 4491 1177 4627 Eebkcwscii
1192 4561 1278 4633 sunt,
1295 4553 1389 4637 cujus
1407 4555 1505 4618 etiarn
1526 4563 1604 4618 sunt
1619 4562 1653 4620 ct
1668 4553 1764 4640 signa
1792 4549 2064 4639 interrogationis
2080 4548 2114 4613 in

448 4655 555 4699 scr
622 4657 642 4698 c
683 4659 734 4702 osr
1509 4655 1512 4663 ‘
1564 4649 1568 4656 ’
1985 4667 1991 4679 ·

466 4657 562 4814 pf(
613 4657 777 4786 Hebricus
794 4719 902 4786 dictus
917 4719 1082 4788 Barbatus
1097 4717 1369 4790 Vratislaviensis
1386 4721 1462 4805 dux,
1479 4719 1530 4784 vir
1546 4719 1580 4787 S.
1596 4717 1771 4806 Heduigis,
1787 4717 2031 4787 tutorBoleslai
2047 4715 2106 4806 Pu·

443 4799 539 4884 diors,
553 4809 703 4869 mortuus
718 4812 771 4870 est
781 4824 866 4870 anno
876 4807 968 4873 1238.
1541 4817 1543 4822 “
2015 4839 2019 4848 ·
