4890 5924
1015 700 1294 778 *sal-

477 813 483 820 ·
501 788 510 827 l

316 900 632 998 matutinae,
663 897 762 986 Nisi,
786 896 1006 1004 sollempnj
1036 897 1171 1005 tytulo
1202 897 1413 984 literarum
1439 903 1482 974 et
1504 894 1673 984 testium
1707 897 2001 984 annotatione·

317 1019 579 1116 roborentur,
601 1013 852 1122 Eapropter.
892 1015 988 1100 Nos
1007 1013 1246 1104 Karimirus
1270 1011 1336 1119 dej
1359 1011 1506 1119 gracia
1522 1011 1618 1094 Rex
1639 1013 1840 1098 Polonie.'
1876 1015 1989 1102 Neo·-

280 1232 284 1240 .
317 1163 402 1222 non
440 1134 676 1218 Terrarum
708 1130 930 1223 Granouie.
970 1130 1244 1219 bandomina.
1289 1128 1480 1236 Syradie.
1520 1128 1737 1218 Lanoioie.
1776 1130 1989 1237 Ouyauie.

318 1251 659 1358 Pornoranieque
691 1248 885 1331 dominus
918 1257 961 1328 et
989 1249 1124 1330 heres.
1163 1255 1367 1356 perpetue
1404 1247 1605 1329 memorie
1641 1249 1989 1332 commendantes

317 1380 465 1452 tenore
495 1367 784 1474 presencium,
816 1377 961 1450 notum
992 1365 1171 1448 facimus
1193 1366 1411 1446 uniuersis.
1454 1360 1580 1460 Quod
1602 1365 1814 1448 accedens
1837 1367 1893 1446 ad
1913 1391 1999 1447 noe

193 1509 195 1516 ’
318 1495 448 1590 stram
472 1487 514 1574 et
533 1483 741 1567 baronum
763 1491 996 1566 nostrorum
1019 1482 1298 1591 presenciam.
1345 1479 1507 1575 Nobilis
1528 1483 1591 1564 vir
1615 1481 1807 1564 dominus
1830 1481 1989 1564 Wilez÷

317 1601 373 1688 ko
396 1601 664 1687 Castellanus
703 1588 1067 1683 Sandomirieri'sis
1106 1599 1229 1680 heres
1254 1599 1305 1679 de
1327 1596 1502 1705 Byrlcow
1526 1595 1579 1708 (³)
1618 1626 1747 1680 sanus
1766 1608 1926 1681 -mente
1949 1607 1992 1680 et

246 1819 248 1824 Ι
319 1745 496 1827 corpore
533 1721 716 1801 existens
753 1745 839 1801 non
876 1718 1129 1825 compulsus.
1166 1743 1245 1796 nec
1283 1724 1470 1797 coaetus.
1509 1743 1649 1824 neque
1686 1745 1762 1824 per
1799 1717 1988 1824 aliquem

91 1827 99 1834 ’
229 1881 242 1902 ·
321 1863 502 1920 errorem
539 1835 753 1918 seductus.
817 1832 901 1918 Sed
937 1835 990 1915 de
1012 1835 1125 1917 bona
1149 1843 1191 1914 et
1209 1843 1379 1914 matura
1416 1829 1725 1915 deliberacione
1761 1835 1887 1942 animj
1926 1835 1991 1914 sui
2034 1855 2048 1930 j

320 1951 555 2063 prehabita.
580 1954 631 2033 de
654 1978 866 2034 consensu
887 1961 929 2031 et
948 1953 1167 2034 voluntate
1187 1960 1332 2032 nostra
1353 1949 1540 2055 speciali.
1563 1950 1844 2033 hereditatem
1868 1979 1990 2032 suam

323 2069 533 2164 Ohmanozu
571 2065 627 2179 (⁴)
661 2068 833 2148 'dictam
868 2067 992 2148 sitam
1022 2070 1063 2148 in
1097 2069 1291 2149 districtu
1327 2065 1623 2169 Oraoouiensi,
1662 2071 1758 2148 cum
1797 2067 1991 2150 omnibus
2029 2096 2031 2100 ’

320 2185 584 2269 vtilit'aribus.
622 2184 782 2270 usibus.
820 2183 1041 2266 fructibus.
1077 2183 1325 2266 redditibus.
1365 2182 1597 2284 Sensibus,
1630 2186 1923 2292 aquis-pratis
1942 2191 1991 2265 et

289 2357 290 2360 κ
324 2303 500 2412 singulis
522 2303 792 2410 perfinencijs
816 2302 872 2382 ad
891 2303 1028 2410 ipsam
1049 2301 1328 2382 hereditatem
1367 2301 1674 2408 spectantibus
1696 2309 1822 2409 prout
1841 2301 1884 2380 in
1906 2304 1992 2382 suis
2069 2297 2070 2306 ‘

324 2420 446 2502 metis
470 2430 513 2502 et
534 2419 719 2500 terminis
743 2417 1181 2501 circumferencialiter
1200 2427 1264 2501 est
1281 2409 1495 2499 ilistincta.
1520 2447 1570 2500 ae
1592 2443 1689 2500 eum
1710 2425 1800 2500 toto
1822 2416 1927 2500 Jure
1951 2427 1994 2500 et
2051 2507 2053 2511 ,

326 2535 524 2646 dominio.
546 2545 673 2642 prout
693 2535 806 2642 solus
827 2539 978 2618 tenuit.
1001 2537 1129 2636 nichil
1148 2538 1316 2644 penitus
1338 2563 1413 2642 pro
1436 2562 1482 2615 se
1501 2543 1543 2616 et
1559 2535 1644 2618 suis
1667 2536 1811 2616 amieis
1833 2544 1993 2642 etpro-

274 2723 278 2730 .
325 2653 495 2760 pinquis
519 2653 861 2762 quibuscumque
875 2650 1159 2754 'reseruandm
1176 2651 1414 2762 Religiosis.
1440 2650 1663 2736 Sororibus
1686 2661 1729 2736 et
1750 2650 1991 2758 Conuentuj

327 2769 476 2852 domus
500 2771 551 2851 de
575 2751 826 2850 Stunnntlreb.
867 2764 1036 2852 Ordinis
1073 2771 1210 2876 sancti
1245 2768 1488 2850 Benedicti..
1517 2770 1822 2876 producentis.
1876 2763 1994 2867 Qua·
2163 2867 2168 2879 Ι

271 2961 275 2973 .
328 2885 528 2996 draginta
549 2885 702 2966 Marcis
723 2913 968 2994 'grossorum
989 2885 1275 2996 pragensium.
1294 2887 1580 2996 quadraginta
1603 2881 1712 2970 Octo
1735 2888 1895 2998 grossis
1916 2914 1992 2994 pro
2037 2889 2039 2894 ’

324 3030 470 3084 maroa
491 3003 979 3114 qualibetcomputatis,
1012 3003 1201 3098 vendidit
1230 3003 1562 3086 irreuooabiliter
1592 3003 1812 3111 libereque
1851 3030 1994 3088 coram

324 3118 447 3202 nobis
467 3111 716 3228 resignauit.
740 3122 900 3202 eisdem
924 3120 1147 3204 Sororibus
1171 3127 1214 3200 et
1236 3118 1474 3228 Conuentuj
1500 3121 1648 3204 domus
1669 3121 1859 3234 predicte
1887 3149 1993 3230 ‘per-

322 3245 451 3343 petuo
483 3235 721 3319 tenendam.
755 3237 1009 3326 hahendam.
1044 3238 1298 3322 donandam.
1332 3239 1610 3320 vendendam.
1633 3237 1990 3342 commutandam.

301 3379 376 3434 =ac
397 3352 709 3460 possidendam.
731 3359 807 3462 pro
829 3382 996 3466 suaque
1026 3357 1242 3442 voluntate
1276 3356 1619 3439 conuertendam.
1675 3353 1993 3473 Quapnquidem
2103 3373 2109 3389 ‘

307 3468 620 3580 'vendicionem
657 3479 699 3552 et
733 3473 1093 3582 resignaoionem,
1131 3463 1469 3576 considerantes,
1496 3473 1579 3554 ‘rite
1612 3483 1654 3554 et
1682 3469 1994 3556 racionabiliter

275 3660 281 3670 .
328 3611 421 3669 esse
443 3584 611 3691 factam,
634 3589 771 3696 ipsam
793 3579 1067 3672 admittendo.
1092 3587 1145 3674 de
1166 3592 1290 3672 solita
1321 3599 1462 3672 nostre
1483 3589 1620 3696 Regis
1642 3589 1895 3687 maiestatis,
1916 3585 1993 3668 be·

324 3705 534 3814 nignitate
571 3707 890 3810 confirmamus,
927 3705 1089 3790 Harum
1128 3706 1284 3816 quibus
1317 3704 1510 3814 Sigillum
1532 3709 1721 3808 nostrum
1744 3715 1809 3786 est
1830 3731 1992 3812 appen-

326 3845 430 3908 sum.
452 3825 694 3908 testimonio
715 3823 942 3906 literarum.
1005 3824 1161 3930 Actum
1195 3819 1385 3907 Cracorn'c
1415 3820 1519 3902 feria
1541 3831 1661 3904 sexta
1681 3823 1873 3932 proxima
1893 3831 1992 3929 post
2062 3873 2066 3878 -

227 4027 230 4040 ,
326 3937 436 4023 diem
457 3937 776 4049 Assumpeionis
799 3951 946 4024 sancte
966 3943 1118 4044 Marie,
1149 3939 1271 4024 Anno
1295 3938 1463 4046 dominj.
1501 3937 1733 4050 Millesimo.
1758 3939 1994 4021 Trecente-

326 4055 442 4170 simo.
476 4041 856 4170 Quinquagesimo.
873 4051 1012 4146 'sextu
1033 4057 1301 4170 presentibus
1323 4056 1403 4164 hijs
1421 4055 1605 4141 'testibus
1623 4057 1836 4142 dohanne.
1858 4053 1993 4162 Woy-

346 4293 349 4298 ’
407 4287 471 4382 .ίῆ
494 4283 628 4384 hyrhow
643 4289 719 4354 anni
737 4257 830 4372 135'6,
847 4291 989 4358 fortasse
1006 4293 1196 4358 Bicrlcewier
1210 4258 1443 4384 alhidadae
1459 4289 1536 4353 villa
1550 4291 1612 4354 fuit
1626 4292 1659 4354 in
1675 4287 1834 4374 parochia
1847 4285 1988 4352 Daieka·
2056 4343 2066 4378 ὶ
2132 4318 2134 4327 ·

248 4443 257 4451 1
328 4371 1267 4470 ηρπιιοθηειμεςὶοηενετοὃῑοκγηγοοηεὶ,ἰυθα11ἰοία
1313 4375 1350 4439 ln
1365 4395 1470 4458 regno
1494 4375 1653 4439 moderno
1670 4371 1830 4438 Poloniae
1847 4377 1923 4468 sunt
1939 4393 2004 4467 reg
2077 4407 2085 4416 ·

328 4470 438 4548 grume
457 4451 905 4557 .·Stobmeensisjne13nnllce
935 4459 1030 4527 villae
1055 4461 1191 4556 Borion
1219 4459 1418 4537 nominatae,
1435 4469 1468 4522 et
1483 4456 1680 4556 nonprooul
1695 4479 1715 4520 a
1731 4456 1894 4552 Cracorra
1909 4474 1992 4538 ipsa,

325 4535 1208 4705 inlphartppl-ageepglrppilppcsrsfuppllpppt-gpglllciorpvlfigppppis
1223 4542 1417 4632 Benevolus
1434 4541 1542 4621 lector
1556 4539 1726 4606 interulas
1742 4539 1865 4626 ehgere
1879 4547 1992 4624 potest

284 4679 288 4686 ι
325 4638 679 4857 Ξὲςζᾱζέἓὶωαῃοω
694 4709 776 4860 pillp¹
785 4712 911 4865 apitiqpi
923 4711 1124 4868 psallpltinatus
1141 4675 1386 4786 cracoviensis,
1416 4708 1564 4797 regionis
1580 4690 1868 4808 Szozyrdyccnsis
1891 4727 1992 4792 paro·

571 4813 738 4878 oniensis,
778 4817 803 4868 ο,
837 4817 908 4866 ern
1012 4809 1103 4866 era]
1459 4827 1505 4859 .·
1710 4876 1713 4882 .
1804 4827 1812 4845 .

586 4917 591 4940 ι
772 4923 776 4930 ·
1802 4891 1880 4959 bt*
