4930 5922
1153 733 1433 806 ..100-

455 946 597 1048 partes
627 963 727 1020 vero
757 933 1032 1044 personaliter
1064 943 1108 1017 et
1135 961 1212 1044 per
1243 962 1290 1016 se
1320 934 1363 1016 in
1394 941 1540 1018 nostra
1559 935 1783 1042 presencia
1803 935 2044 1038 constitute,
2059 937 2124 1019 'ad

455 1058 706 1166 peticionem
727 1053 1015 1162 presencium,
1038 1052 1176 1136 dictus
1199 1052 1393 1136 dominus
1417 1050 1618 1135 Sdeslaus
1641 1052 1915 1137 concordiam
1934 1056 2123 1164 parcium
2147 1159 2153 1168 Ι

456 1202 597 1259 coram
628 1171 751 1255 nobis
782 1169 950 1280 publice
980 1171 1221 1280 proposuit,
1244 1175 1286 1254 et
1304 1171 1640 1280 proposicionem
1671 1167 1804 1278 ipsius
1825 1177 2006 1282 utraque
2027 1201 2125 1282 par·

403 1385 407 1398 ¹
457 1293 568 1375 cium
591 1288 856 1400 approbans,
891 1287 1166 1393 confirmans;
1197 1288 1255 1372 Et
1283 1289 1384 1370 licet
1412 1297 1597 1399 utraque
1627 1289 1819 1398 parcium
1842 1289 1894 1371 de
1915 1291 2048 1375 verbo
2070 1289 2126 1372 ad

455 1408 635 1495 verbum
656 1408 717 1491 sic
741 1435 834 1490 esse
857 1401 1020 1490 asseret
1039 1417 1089 1490 ut
1110 1417 1175 1488 est
1193 1408 1467 1515 premissum3
1490 1407 1545 1488 ad
1567 1407 1768 1490 maiorem
1789 1415 1932 1488 tamen
1953 1409 2126 1491 certitu·

458 1530 597 1611 dinem
619 1557 671 1610 ex
688 1553 759 1609 ore
779 1527 969 1636 parcium
991 1525 1074 1610 hoc
1095 1527 1235 1636 ipsum
1257 1525 1403 1608 audire
1424 1525 1634 1628 volentes,
1651 1534 1793 1638 partes
1817 1525 2012 1608 duximus
2037 1555 2127 1609 am·
2246 1539 2248 1542 ’

455 1641 711 1748 monendas,
735 1667 914 1754 quarum
935 1666 1032 1748 nna,
1052 1635 1253 1726 videlicet
1274 1637 1429 1728 Oome‘s
1451 1638 1659 1726 Ratoldus
1681 1635 1789 1724 filius
1806 1637 2016 1728 Johannis
2030 1639 2127 1729 'Zila
2168 1663 2174 1678 ’

395 1777 399 1784 ’
458 1757 767 1876 cognominati,
798 1773 874 1872 pe'r
904 1789 952 1844 se
985 1771 1028 1844 et
1047 1759 1216 1846 nomine
1247 1787 1419 1844 suorum
1450 1757 1630 1844 filiorum
1660 1755 1831 1870 publice
1861 1759 2127 1848 renunciavit
2215 1749 2220 1756 ’
2265 1775 2270 1784 “

458 1891 675 1995 perpetuo,
699 1880 941 1988 simpliciter
962 1887 1006 1960 et
1025 1907 1130 1990 pure
1152 1881 1265 1964 omni
1285 1881 1363 1962 iuri
1383 1889 1646 1990 patronatus,
1663 1879 1780 1990 quod
1794 1880 1838 1960 in
1856 1879 1971 1962 dicta
1992 1880 2128 1966 eccle·

460 2002 523 2082 sia
544 2029 596 2083 ex
617 1999 888 2082 successione
918 1997 1051 2108 patris
1075 2008 1118 2079 et
1137 2025 1311 2083 snorum
1340 1999 1659 2110 progenitorum
1691 2023 1738 2078 se
1768 1993 1929 2080 habere
1952 2010 2128 2082 eonten-

413 2193 416 2200 .
460 2115 602 2202 debat.
655 2114 799 2200 Verba
820 2127 963 2198 autem
985 2143 1061 2198 sue
1081 2116 1419 2201 renunciacicnis
1456 2114 1626 2200 fuerunt
1645 2115 1726 2198 sub
1748 2116 1830 2198 bac
1851 2113 1998 2198 forma·
2031 2117 2127 2228 Ego

350 2253 353 2260 ’
458 2219 665 2320 Ratoidus
688 2237 794 2318 cedo
818 2247 861 2318 et
879 2233 1083 2318 renuncio
1103 2233 1181 2318 iuri
1202 2243 1453 2343 patronatus
1486 2262 1673 2338 exnunc,
1695 2235 1729 2314 si
1751 2236 1868 2346 quod
1888 2231 2041 2349 habui,
2062 2236 2130 2320 vel

458 2353 617 2438 habere
638 2382 705 2434 me
728 2351 939 2437 contendo
969 2353 1014 2432 in
1046 2351 1225 2436 ecclesia
1260 2361 1512 2454 memorata,
1544 2361 1589 2434 et
1619 2351 1825 2436 confiteor
1861 2351 2129 2436 abbatemet

458 2472 764 2557 monasterium
784 2471 955 2581 publice
977 2479 1021 2552 et
1041 2471 1172 2578 clare,
1194 2473 1282 2554 sine
1305 2471 1448 2582 aliquo
1471 2497 1746 2576 encra-esse
1765 2479 1968 2580 patronos
1992 2472 2129 2572 eccle·

460 2594 521 2674 sie
541 2589 628 2671 iam
650 2589 783 2694 dicte,
807 2587 943 2672 abbas
965 2616 1065 2674 vero
1090 2617 1140 2676 eo
1162 2602 1379 2700 presente,
1411 2578 1514 2702 quia
1546 2590 1726 2673 ecclesia
1756 2588 1945 2673 vacabat
1966 2589 2019 2670 de
2039 2589 2128 2673 iuie

460 2719 505 2794 et
526 2705 579 2795 de
599 2706 736 2812 facto,
758 2705 813 2790 ad
836 2707 992 2790 dictam
1015 2705 1240 2792 ecclesiam
1261 2707 1383 2794 nobis
1401 2709 1616 2816 quendam
1633 2710 1895 2818 presentavit
1909 2719 2128 2822 tamquam
2179 2735 2186 2752 ²

460 2854 585 2912 verus
609 2835 651 2910 et
669 2825 885 2937 legitimus
906 2819 1124 2935 patronus.
1170 2827 1234 2911 ht
1253 2853 1331 2910 nos
1353 2825 1410 2908 ad
1430 2827 1794 2935 presentacionem
1827 2827 1979 2936 ipsius,
2016 2825 2129 2910 dicto

461 2945 644 3030 Ratoldo
667 2956 865 3054 presente
889 2954 932 3027 et
953 2945 1170 3050 audiente,
1194 2945 1249 3027 ad
1270 2941 1352 3027 hoc
1367 2953 1527 3030 -vocato
1550 2973 1635 3029 non
1657 2946 1995 3046 contradicente,
2017 2943 2129 3056 hanc

363 3166 366 3174 Ι
462 3065 714 3146 sententiam
734 3063 786 3145 de
803 3061 919 3146 dicta
936 3061 1117 3146 ecclesia
1134 3063 1340 3154 canonice
1359 3063 1938 3172 investivimusperennitus,
1959 3063 2129 3146 nomine
2174 3093 2177 3101 ·
2242 3075 2248 3083 '

459 3182 633 3270 Domini
651 3183 864 3268 invocato.
910 3177 976 3266 Nc
998 3191 1142 3264 autem
1165 3182 1218 3266 do
1238 3189 1381 3265 cetero
1404 3210 1531 3292 super
1551 3183 1644 3282 iuro
1673 3175 1920 3292 patronatus
1952 3180 2128 3263 ecclesie

459 3303 665 3412 premisse
688 3299 860 3412 aliquod
883 3299 1058 3383 dubium
1078 3298 1488 3404 moveretur,.abbas
1512 3311 1555 3384 et
1574 3309 1811 3384 conventus
1831 3302 1918 3384 iam
1940 3293 2053 3396 dicti,
2075 3299 2130 3383 ad

460 3413 711 3532 perpetuam
732 3419 794 3502 rei
814 3417 1080 3523 memoriam,
1111 3415 1192 3503 sibi
1216 3423 1442 3530 'presentes
1474 3415 1610 3531 sigillo
1632 3420 1776 3506 nostro
1798 3417 2012 3532 signatae,
2040 3414 2131 3500 fieri

463 3547 506 3621 et
527 3533 616 3622 dari
637 3529 849 3622 humiliter
878 3535 1215 3648 postulaverunt.
1264 3535 1420 3621 Actum
1445 3536 1487 3620 in
1509 3547 1649 3622 castro
1673 3533 1926 3648 Crucoor'enei
1942 3539 1984 3619 in
2007 3537 2148 3620 domo'

462 3649 517 3740 ad
539 3655 762 3741 ecclesiam
798 3657 936 3740 sancti
970 3651 1209 3760 Michaelis,
1242 3684 1354 3741 anno
1389 3653 1545 3739 domini
1580 3653 1800 3739 Millesimo
1839 3656 2129 3738 ducentesimo

460 3777 740 3886 nonagesimo
761 3787 902 3880 sext03
940 3785 1092 3886 quarto
1128 3771 1274 3862 Nonas
1311 3769 1425 3887 Maij.
1477 3771 1751 3860 Presentibus
1783 3781 1826 3854 et
1847 3771 2130 3874 audientibus,

463 3919 642 4006 quorum
664 3895 834 3978 nomina
855 3887 925 3976 hic
947 3893 1168 3976 habentur:
1203 3889 1358 4001 Comes
1379 3889 1580 3977 Nicolaus
1602 3889 1747 3974 Judex
1768 3889 2132 3996 Sandomiriensis,
2159 3951 2160 3954 a

436 4004 694 4096 'Pacoslaus
727 4002 1114 4096 Sub-Camerarius
1152 4006 1332 4096 Oracov.
1359 4021 1416 4095 ,et
1452 4007 1698 4118 Stephanus
1728 4017 1975 4119 procurator
2007 4007 2129 4094 Orac.

462 4129 678 4234 Ducatus,
715 4117 882 4212 Olricus
918 4121 1076 4214 Custos
1097 4123 1367 4240 Kyelcensis,
1400 4125 1602 4216 Sdeslaus
1624 4126 1887 4244 Canonicus,
1906 4153 2132 4210 causarum

397 4308 401 4312 -
465 4249 646 4333 eccles...
698 4240 900 4331 Nicolaus
937 4258 1083 4333 custos
1120 4243 1468 4354 sanctiAndrce‚
1492 4247 1625 4334 etalii
1647 4245 1937 4361 quamplures
1958 4247 2037 4332 viri
2058 4245 2134 4329 ho-

463 4369 575 4454 nesti
596 4377 640 4452 et
661 4365 746 4450 fide
769 4365 899 4479 digni.
