4856 5932
1062 700 1338 787 -τὸθῙ-γ

369 897 533 984 Actum·
548 907 592 981 et
613 899 760 984 datum
779 899 824 981 in
845 871 1014 1012 Bptlrom
1032 902 1077 984 in
1100 903 1167 986 die
1187 902 1386 986 undecim
1406 903 1520 988 milia
1541 903 1765 1016 uirginum.
1803 903 1928 994 Anno
1951 910 2026 996 de·
2103 991 2108 1000 .

217 1045 231 1056 ·
367 1021 469 1102 mini
488 1019 553 1106 M⁰
573 1019 708 1106 000⁰
722 1022 999 1133 nonagesimo
1020 1025 1211 1136 septimo.

656 1607 663 1620 p
908 1424 910 1428 ’
1000 1425 1339 1582 Lornxu.

612 1649 1088 1848 §sabao—mense
1112 1718 1429 1857 Nonacrim,
1447 1717 1594 1846 1399
1613 1739 1778 1805 anno.
1797 1730 1799 1738 “

405 1913 699 2011 Vludlslaus
731 1935 941 2028 {agello
955 1937 1167 2116 angeloptis
1184 1940 1303 2135 cipjtup
1314 1939 1506 2125 {perimitur
1519 1940 1709 2016 actutum
1724 1939 1840 2016 incola
1853 1941 1991 2036 eludam

1045 2061 1087 2115 ru
1137 2059 1165 2114 n
1179 2059 1216 2114 ur
1249 2061 1287 2115 ru
1358 2091 1366 2108 .

470 2232 729 2320 Wladislau's
760 2233 852 2320 Rex
881 2233 1085 2319 Poloniae
1110 2243 1190 2316 etc.
1244 2232 1541 2346 significamus
1564 2240 1644 2316 etc.
1685 2205 1898 2333 'Quodob
1921 2264 2024 2321 con-

262 2349 266 2360 ’
366 2354 519 2436 stantis
539 2351 757 2436 fidelitatis
777 2355 946 2458 merita,
968 2362 1012 2436 et
1032 2353 1142 2458 clare
1174 2354 1368 2464 puritatis
1393 2353 1693 2456 constantiam,
1716 2351 1871 2464 quibus
1894 2352 2019 2441 cives

220 2507 239 2544 ο
369 2478 412 2553 et
430 2471 594 2556 incolae
623 2483 790 2557 nostrae
825 2470 1021 2558 Civitatis
1051 2471 1267 2555 Bieeensis
1289 2499 1431 2556 coram
1451 2482 1621 2558 nostrae
1641 2471 1877 2554 Maiestatis
1896 2501 2023 2583 prae-

366 2591 505 2674 sentia
545 2590 769 2699 plurimum
809 2591 1078 2702 placuerunt,
1102 2601 1144 2673 et
1162 2593 1439 2701 inposterum
1476 2600 1603 2675 aucto
1634 2589 1847 2673 fidelitatis
1884 2594 2024 2682 studio

357 2710 649 2818 praestantius
681 2709 736 2792 ad
766 2712 1033 2797 serviendum
1074 2710 1196 2795 nobis
1238 2709 1417 2793 fideliter
1438 2737 1483 2793 se
1504 2710 1680 2793 reddere
1721 2710 1886 2818 possint
1926 2713 2024 2826 (sic)

274 2889 278 2898 .
363 2829 657 2938 promptiores,
679 2829 843 2922 Horum
862 2833 1017 2914 intuitu
1037 2831 1255 2939 cupientes
1277 2857 1419 2914 eorum
1440 2830 1615 2950 inopiae
1629 2827 1864 2934 subvenire,
1886 2839 1929 2912 et
1950 2860 2024 2919 eos

348 2949 557 3058 specialis
580 2949 744 3060 gratiae
764 2952 1065 3062 praerogativa
1084 2953 1347 3058 praevenire,
1367 2949 1647 3059 volentesque
1670 2977 1722 3032 ex
1743 2973 1793 3032 eo
1815 2949 2024 3039 conditio·

356 3057 461 3178 'nem
496 3068 742 3179 praedictae
776 3080 946 3154 nostrae
972 3069 1178 3161 {Civitatis
1213 3069 1335 3180 Biora·
1369 3066 1461 3150 fieri
1481 3067 1713 3171 meliorem,
1733 3067 1835 3178 ipsis
1859 3069 2023 3177 damus,

362 3189 636 3274 concedimus
662 3189 976 3296 praesentibus,
999 3196 1040 3295 m
1063 3191 1270 3274 donamus
1289 3190 1333 3270 in
1355 3195 1397 3270 et
1419 3215 1545 3297 super
1566 3184 1759 3270 omnibus
1784 3194 1826 3268 et
1847 3189 2023 3301 singulis

361 3302 509 3389 ineolis
532 3315 574 3402 et
595 3307 850 3410 subrnbanis
872 3311 914 3390 in
935 3309 1183 3422 praedictae
1203 3317 1373 3393 nostrae
1397 3305 1591 3400 Civitatis
1613 3304 1735 3390 Biecz
1756 3301 1810 3420 (¹)
1843 3335 2022 3416 genera-
2046 3308 2050 3316 ’

359 3419 455 3504 liter
487 3421 700 3508 Suburbio
733 3425 1076 3511 cohabitantibus
1107 3429 1275 3537 plenam
1298 3439 1341 3512 et
1361 3426 1643 3511 omnimodam
1674 3421 1939 3533 facultatem,
1961 3428 2022 3513 ita'
2094 3464 2099 3474 ·

361 3541 478 3652 quod
490 3543 706 3651 ¹praedicti
726 3544 889 3632 incolae
910 3555 953 3627 et
972 3545 1225 3651 suburbani,
1256 3545 1446 3654 suburbij
1480 3544 1679 3639 Civitatis
1696 3549 1867 3632 nostrae
1887 3543 2020 3651 Br'ecz,
2084 3573 2087 3579 ·

361 3659 753 3773 ad'requisitionem
775 3677 818 3748 et
836 3665 1083 3748 mandatum
1118 3663 1429 3774 praedictorum
1463 3663 1630 3748 (livium
1652 3661 1901 3745 subeorum
1933 3665 2020 3749 exi-
2062 3701 2064 3706 ·

360 3790 521 3864 stentes
551 3783 728 3866 tuitione
759 3813 836 3895 pro
868 3786 994 3882 armis
1018 3793 1060 3866 et
1081 3809 1288 3867 armorum
1321 3784 1460 3866 dictae
1490 3790 1659 3865 nostrae
1684 3778 1879 3865 Civitatis
1900 3779 2022 3872 Biecz

361 3898 597 3985 defectibus
632 3899 908 4009 reformandis
941 3902 1155 4006 laborare,
1177 3911 1221 3985 et
1239 3902 1405 3988 labores
1447 3900 1587 3983 facere
1626 3901 1797 4002 totiens
1823 3903 2020 4011 quotiens

360 4029 643 4130 opportunum
678 4018 820 4128 fuerit,
857 4032 956 4106 sunt
992 4022 1173 4126 astricti,
1215 4049 1346 4104 censu
1367 4031 1410 4104 et
1428 4018 1588 4104 iu'ribus
1610 4019 1764 4104 nostris
1785 4017 2019 4131 Regalibus

360 4129 566 4222 duntaxat
601 4143 803 4250 exceptis.
858 4138 994 4243 Quem
1032 4141 1201 4254 quidem
1238 4168 1410 4240 censum
1446 4142 1490 4224 in
1526 4139 1727 4248 predictis
1763 4137 2016 4228 suburbanis

275 4323 277 4326 .
360 4284 477 4341 more
496 4259 618 4344 solito
640 4270 838 4346 exactum
857 4289 935 4372 pro
956 4261 1080 4350 nobis
1103 4271 1145 4343 et
1164 4262 1297 4357 nostri
1318 4259 1529 4368 Thesaurj
1551 4259 1753 4364 utilitate,
1790 4259 1911 4342 annis
1932 4263 2017 4346 sin·

359 4375 470 4486 gulis
491 4377 683 4462 volumus
704 4407 931 4465 reservare.
984 4379 1115 4467 Vobis
1136 4381 1266 4492 igitur
1288 4379 1482 4465 omnibus
1506 4387 1549 4460 et
1568 4377 1743 4489 singulis
1763 4375 2019 4466 suburbanis

422 4679 428 4690 ,
465 4613 504 4694 (¹)
526 4611 579 4678 Ex
595 4611 841 4679 confirmatione
893 4589 1034 4700 rivilessgii
1062 4635 1122 4700 per
1150 4635 1262 4699 regem
1292 4610 1536 4696 Sigismundum
1565 4609 1752 4694 Augustum
1782 4607 1833 4706 die
1850 4611 1888 4673 21
1906 4611 2017 4680 Martii

362 4699 444 4764 1564
460 4719 489 4762 a.
505 4697 593 4776 data,
609 4695 841 4764 Muczlrowski
879 4698 1042 4849 ascripsit.
1081 4695 1294 4765 Confirmatio
1313 4719 1393 4760 vero
1408 4696 1442 4760 in
1456 4705 1663 4844 transumpto
1685 4693 1851 4758 invenitur
1873 4697 2018 4780 ejusdem

200 4837 210 4860 ,
359 4805 449 4872 regis
465 4781 605 4849 inlibris
621 4783 790 4849 Tabularii
804 4782 913 4882 Regni
927 4809 972 4882 pu
995 4781 1052 4881 lici
1072 4782 1240 4868 „Metryki
1256 4781 1435 4858 koronne,”
1451 4779 1549 4844 dictis
1561 4801 1604 4853 uo
1619 4825 1627 4842 .
1641 4781 1694 4856 98,
1710 4799 1786 4878 pag.
1800 4780 1870 4845 135.

465 4867 503 4948 (ί)
527 4868 622 4938 Br'eca
636 4869 725 4947 urbs,
744 4891 803 4936 sue
818 4889 964 4955 regionis
980 4867 1057 4954 olrm
1073 4879 1185 4954 caput,
1201 4865 1370 4934 castellani
1384 4863 1520 4932 minoris
1535 4863 1642 4942 sedes,
1660 4885 1747 4929 nunc
1760 4885 1795 4928 m
1811 4863 1960 4934 Gallicis

464 4972 545 5014 Tenus
559 4971 597 5014 ut.
623 4996 626 5002 ·
1374 4995 1375 5000 ,
1768 4967 1808 5032 46
