4930 5922
1055 662 1304 762 -so'-

349 883 451 970 dum
468 882 620 989 merita
654 878 787 988 ipsius
819 881 1079 988 respondere
1115 879 1362 983 debeamus,
1402 877 1567 966 illorum
1603 886 1855 994 propensius
1889 886 2037 972 fidele

349 996 564 1085 servitium
584 1009 778 1083 tenemur
796 1023 989 1106 pensare,
1011 999 1086 1107 qui
1105 996 1366 1105 professione
1399 1007 1575 1082 sanctae
1610 1001 1825 1111 religionis
1860 1007 2016 1096 nostris

347 1117 590 1208 ministeriis
609 1114 769 1198 arctius
788 1115 1027 1198 studuerint
1045 1116 1262 1218 inservire,
1284 1115 1474 1222 proinde
1499 1120 1664 1200 noverit
1685 1129 1774 1202 tam
1808 1148 2016 1228 praesens

348 1245 471 1321 actas
495 1259 623 1344 quam
643 1240 827 1339 postera,
845 1233 963 1342 quod
979 1233 1023 1321 N
1025 1258 1072 1314 cs
1093 1231 1315 1316 Boleslaus
1334 1231 1423 1334 Deis
1439 1234 1578 1343 gratia
1598 1233 1698 1320 Dux
1718 1237 1886 1321 illustris
1909 1238 2015 1325 Ora·

348 1353 501 1442 ccviae
522 1361 563 1437 et
583 1349 889 1450 Sandomiriae,
909 1377 995 1433 una
1016 1377 1114 1431 cum
1136 1349 1289 1434 dilecta
1308 1357 1445 1438 matre
1467 1360 1613 1436 nostra
1642 1353 1846 1441 Domina
1861 1354 2015 1454 Grimi·
2144 1381 2147 1389 ¹
2195 1339 2204 1366 ⁶

212 1519 219 1534 ·
349 1457 716 1572 duodenariam
739 1467 957 1552 carissima
993 1474 1139 1552 nostra
1179 1467 1365 1576 conjuge
1400 1467 1588 1562 Domina
1624 1470 1893 1582 Ounegrmde
1928 1472 2016 1560 filia

348 1587 644 1698 superillustris
666 1583 800 1694 Regis
821 1584 1090 1719 Hungernm‚
1129 1585 1302 1668 ducissa
1335 1593 1554 1712 terrarum,
1591 1589 1820 1672 eorundem
1851 1587 2053 1678 nostro-⁶

257 1757 263 1770 ·
347 1735 441 1793 rum
455 1703 781 1815 progenitorum
802 1702 995 1813 vestigiis
1012 1703 1112 1810 piae
1140 1691 1378 1786 devotionis'
1390 1674 1765 1790 effectuosissime
1793 1707 2017 1795 inhaereo·
2066 1801 2070 1816 ,

347 1836 427 1956 tes,
449 1821 574 1906 libuit
592 1819 715 1906 nobis
737 1843 864 1929 super
884 1819 1123 1906 Ecclesiam
1146 1829 1189 1902 et
1209 1821 1463 1910 coenobium
1487 1819 1674 1906 Sanctae
1693 1820 1895 1924 Mariae
1885 1854 1927 1908 ιιι
1952 1823 2016 1912 Cr'

280 1981 303 2020 .·
348 1941 411 2024 ric
432 1938 661 2049 specialem
680 1937 842 2022 habere
875 1938 1158 2025 devotionem.
1206 1935 1411 2023 Volumus
1446 1939 1595 2048 itaque
1633 1949 1676 2024 et
1707 1943 1901 2048 cupimus
1936 1972 2015 2052 pro

269 2081 273 2088 ·
345 2059 593 2148 remissione
614 2065 854 2140 nostrorum
875 2058 1061 2148 omnium
1090 2064 1379 2163 peccatorum,
1412 2065 1455 2140 et
1486 2083 1562 2164 pro
1594 2057 1816 2141 animabus
1847 2070 2016 2145 nostro-

347 2205 442 2262 rum
462 2185 699 2284 parentum,
720 2183 769 2256 ut
788 2174 872 2260 hoc
893 2173 1195 2260 monasterium
1215 2170 1478 2280 temporibus
1499 2177 1654 2258 nostris
1688 2174 1877 2282 potiatur
1904 2175 2017 2280 felici
2121 2249 2128 2264 .

349 2316 400 2376 ac
420 2301 626 2403 perpetuo
645 2291 919 2396 incremento·
951 2291 1054 2376 Ideo
1075 2291 1293 2376 dominum
1312 2289 1580 2376 Tesselinum
1599 2290 1818 2375 Abbatem
1838 2293 1892 2374 da
1910 2289 2017 2378 Οἰνία
2159 2373 2163 2378 .
2326 2273 2366 2298 ”

350 2420 392 2496 et
426 2437 573 2496 omnes
609 2408 701 2516 ejus
737 2415 1007 2494 successores
1045 2411 1129 2490 et
1118 2411 1251 2518 rpsius
1295 2408 1574 2492 Ecclesiam
1563 2437 1606 2492 ιιι
1627 2409 1831 2492 honorem
1851 2405 2015 2496 Beatao

305 2553 311 2564 ’
348 2528 508 2631 Mariae
529 2525 716 2637 Virginis
735 2527 1086 2630 constructam,
1075 2537 1119 2608 sn
1141 2536 1340 2614 nostram
1372 2535 1417 2610 at
1446 2535 1684 2612 nostrorum
1721 2551 2017 2614 successorum

346 2646 591 2783 perenniter
618 2645 925 2752 protectionem
960 2643 1210 2782 recipimus
1228 2644 1471 2782 specialem,
1504 2644 1626 2728 iillns
1645 2627 1737 2729 tum
1758 2671 1812 2728 ac
1835 2646 2014 2752 praedia

264 2815 269 2824 ·
346 2765 535 2900 ipsorum
555 2764 600 2848 in
620 2771 765 2847 nostro
788 2761 1024 2865 ducatu,at
1044 2785 1117 2847 ecs
1137 2763 1276 2872 quiin
1299 2763 1459 2849 eisdem
1489 2761 1758 2864 habitabunt,
1790 2763 1881 2844 sive
1910 2762 2016 2848 libe-

307 2937 310 2944 ·
347 2882 395 2987 ri,
416 2879 508 2965 sive
527 2880 651 2980 servi,
668 2880 760 2962 sive
780 2874 1052 2988 adscripticii,
1082 2877 1138 2963 ab
1157 2907 1275 2984 ⁸omm
1262 2880 1523 2968 liberamus
1555 2880 1789 2980 exactione,
1821 2890 2015 2987 praesta-

327 3001 473 3103 tioua,
495 2996 693 3098 fmtione,
713 2996 859 3082 labore
879 3006 925 3082 et
944 2998 1162 3101 servitute,
1183 3026 1298 3109 quae
1315 2998 1587 3110 singrdariter
1618 2999 1672 3081 de
1691 2998 1823 3084 verbo
1845 2997 1902 3081 ad
1922 3026 2017 3086 ver·
2060 3063 2065 3072 -

348 3117 452 3206 bum
472 3116 665 3202 volumus
688 3141 897 3199 enarrare:
919 3116 1074 3216 Powor,
1096 3114 1246 3216 Str-ore,
1268 3115 1481 3219 Porcdlne,
1502 3117 1687 3218 Mance,
1724 3113 1878 3214 Strcia,
1911 3118 2016 3206 Ter

260 3339 264 3348 ἡ
308 3263 312 3276 ·
348 3259 472 3348 posce,
508 3233 692 3369 Pomocy,
734 3233 1036 3374 odprcwczowe,
1069 3233 1199 3336 statie,
1230 3231 1487 3320 Ponenda...
1515 3262 1569 3318 ac
1587 3234 1815 3344 milituln...
1849 3257 2019 3344 rapotae,

350 3359 453 3450 ιιαιι,
473 3354 614 3462 wojnu,
633 3350 748 3488 prid,
771 3380 798 3434 a
818 3353 947 3474 variis
970 3361 1016 3434 et
1034 3351 1244 3456 omnibus,
1267 3361 1311 3436 et
1329 3353 1366 3442 si
1385 3354 1611 3441 stationem
1630 3379 1710 3438 nos
1729 3347 1890 3438 habere
1912 3375 2020 3434 cone
2043 3359 2046 3364 '

348 3469 534 3579 tingat,
522 3495 565 3550 nr
584 3468 722 3552 villis
710 3497 911 3578 rpsorum,
932 3496 959 3550 a
979 3470 1162 3554 statione
1183 3479 1434 3560 venatorum
1455 3479 1499 3553 at
1518 3494 1745 3579 aucupum,
1782 3497 1810 3552 a
1829 3467 2014 3555 statione
2119 3475 2121 3483 '

348 3585 593 3698 panificum,
615 3614 642 3668 a
661 3589 848 3673 statione
866 3595 1107 3672 nostrorum
1127 3613 1347 3696 equorum,
1379 3616 1406 3670 a
1425 3583 1612 3677 statione
1636 3587 1924 3686 braxatorum,
1955 3583 2013 3670 ab
2107 3655 2118 3686 ,

350 3707 463 3792 onuri
478 3707 613 3816 popm
636 3714 680 3788 at
699 3705 984 3814 expeditione,
1008 3713 1189 3814 excepto
1210 3705 1247 3788 si
1266 3705 1430 3814 pagani
1444 3703 1514 3788 vel
1533 3703 1603 3786 alii
1622 3701 1820 3788 homines
1840 3700 1884 3784 in
1900 3709 2017 3797 terra
2086 3757 2089 3764 ι

348 3831 506 3924 nostra,
527 3821 718 3914 volentes
732 3850 835 3906 -eam
856 3821 1084 3926 destruere,
1105 3823 1311 3907 steterint
1355 3819 1626 3909 Absolvimus
1661 3819 1835 3930 insuper
1866 3845 2013 3918 corum

347 3940 539 4028 homines
559 3939 739 4028 ubilibet
758 3943 1011 4027 constitutos
1045 3939 1101 4024 ab
1123 3939 1496 4026 aedificationeet
1522 3938 1819 4027 reformatione
1852 3945 2038 4022 cmtro·.
2171 3979 2176 3988 ·

347 4085 453 4162 rum,
471 4067 644 4169 practer
665 4060 800 4146 solum
822 4058 1022 4144 Castrum
1054 4057 1353 4144 Orncovianse
1397 4059 1555 4144 Etiam
1577 4057 1838 4146 absolvimus
1860 4081 1934 4140 eos
1953 4057 2012 4146 ab

332 4179 463 4262 omni
481 4176 678 4262 thelonco
700 4177 833 4262 nostri
864 4179 1045 4263 ducatus
1075 4177 1239 4289 illarum
1269 4178 1565 4264 tantummodo
1599 4201 1753 4277 rerum,
1788 4199 1908 4284 quae
1934 4199 2012 4279 pro
2065 4221 2069 4232 ·

346 4295 440 4402 ipso
461 4297 729 4400 monastario,
751 4297 919 4382 nomine
940 4298 1129 4405 ipsorum
1150 4295 1206 4378 ad
1227 4323 1531 4433 quamcunque
1550 4293 1691 4388 villam
1713 4317 1857 4377 eorum
1879 4287 2013 4374 dedu

347 4412 1449 4524 cuatonAbsclvimus1usuperhomines1psorum
1474 4411 1630 4506 liberos
1662 4419 1705 4494 ot
1734 4432 1878 4493 servos
1900 4436 1927 4492 a
1940 4410 2013 4518 ju·

224 4535 227 4540 ’
348 4529 459 4615 dicio
482 4528 820 4620 castellanorum
840 4543 883 4616 et
902 4532 1087 4620 cmrrium
1102 4530 1298 4640 judicum
1317 4530 1560 4620 forensium.
1592 4530 1652 4626 Et
1668 4525 1770 4617 licat
1787 4527 1896 4609 haec
1912 4535 2012 4613 ante

250 4671 254 4676 ·
325 4673 481 4732 annos
503 4650 695 4766 quinque
715 4651 802 4740 late
824 4661 868 4736 et
886 4650 1015 4762 longe
1036 4649 1301 4754 consedimus,
1321 4659 1466 4735 tamen
1487 4647 1543 4732 ob
1563 4645 1858 4731 certitudinem
1878 4645 2013 4754 mejo-

307 4872 312 4880 ¹
346 4793 436 4854 rem
456 4765 567 4855 haec
585 4770 836 4896 repetendo,
855 4769 1031 4879 majora
1037 4770 1265 4864 addimus
1252 4797 1297 4854 ιιι
1314 4766 1402 4931 lide
1422 4764 1639 4853 firmiores
1681 4763 1867 4906 Domum
1887 4787 2014 4958 praee
