4952 5926
917 777 920 784 Δ
1094 683 1344 760 ..a-

419 887 576 998 quam
595 883 773 994 triginta
790 880 951 998 solidos
968 880 1141 968 soleant¹
1158 881 1464 968 condemnatus
1485 880 1599 994 (sic).
1645 883 1698 966 In
1728 884 1883 970 iudicio
1910 893 2054 970 autem
2188 859 2212 886 ‘

338 1091 341 1100 ,
371 999 412 1072 -s
445 1000 778 1088 haebdomadeli
795 1000 980 1112 quatum
1009 1001 1164 1085 solidos
1194 1000 1362 1084 soluant
1383 1000 1436 1082 de
1458 998 1563 1083 dure
1585 1011 1801 1089 consueto.
1834 1002 1947 1086 oum
1973 1028 2051 1085 au-

391 1197 394 1200 .
443 1134 532 1208 tem
551 1147 708 1206 emessa
727 1118 787 1202 ad
805 1099 947 1227 mlgie
968 1115 1099 1228 quem
1128 1117 1305 1228 tiginte
1339 1117 1496 1201 solidos
1518 1145 1565 1202 se
1578 1118 1796 1220 extendet,
1826 1130 1929 1202 tunc
1951 1148 2055 1205 eon-

446 1241 579 1350 digna
598 1236 764 1340 solutio,
786 1237 897 1319 sicut
914 1235 980 1320 ius
1002 1235 1242 1346 expostulat
1261 1261 1510 1318 caussarum
1528 1234 1643 1348 illam
1673 1246 1889 1346 sequatur.
1942 1237 2052 1320 Item

442 1357 650 1459 velimus,
672 1353 789 1466 quod
809 1351 1004 1438 omnibns
1025 1353 1202 1436 transire
1218 1353 1458 1438 volentibus
1474 1353 1745 1464 Hungariam
1759 1355 1829 1437 vel
1842 1354 2055 1456 Russiam,

372 1475 379 1487 “
443 1484 488 1560 et
508 1503 531 1556 e
553 1499 759 1558 conuerso
783 1471 835 1554 de
850 1469 1080 1579 Hrmgaria
1097 1469 1167 1554 vel
1183 1469 1354 1575 Russia,
1384 1499 1460 1578 per
1481 1469 1797 1574 Sandomiriam
1827 1472 2055 1557 Oiuitatem

444 1593 647 1676 transitus
669 1589 903 1674 communis
922 1587 1147 1672 habeatur.
1169 1587 1279 1670 Item
1299 1589 1800 1697 addimuspromittentes
1825 1589 2051 1675 Aduocato

387 1775 389 1782 ,
441 1708 736 1810 haereditarie,
757 1715 800 1788 et
819 1707 905 1788 suis
924 1707 1118 1815 posteris,
1140 1707 1257 1816 quod
1278 1707 1315 1788 si
1334 1706 1524 1816 aliquod.
1537 1705 1701 1790 lucrum
1722 1708 1891 1824 metjlli,
1912 1717 1960 1790 nt
1973 1737 2053 1818 pc-

441 1841 486 1912 te
508 1828 611 1930 auri,
631 1825 810 1935 argenti,
830 1824 963 1931 cupri,
980 1819 1157 1931 plumbi,
1178 1832 1222 1906 et
1240 1819 1463 1928 ramniu·
1479 1824 1674 1906 districtu
1708 1822 1908 1908 Ciuitatis
1939 1825 2062 1910 San.

334 1987 336 1992 v
394 1991 398 2001 ·
445 1943 722 2046 domiriensis,
741 1944 963 2026 inventum
982 1940 1109 2024 fuerit
1128 1949 1171 2024 et
1189 1951 1415 2051 repertum,
1427 1967 1514 2025 non
1530 1941 1776 2050 alterquam
1794 1945 1887 2052 ipse
1901 1942 2052 2028 Aduo-

391 2081 394 2088 ·
442 2071 567 2146 catus
603 2087 702 2142 oum
738 2059 825 2142 suis
844 2057 1042 2167 legitimis
1063 2059 1395 2161 successoribus,
1425 2058 1538 2140 idem
1557 2059 1722 2141 luorum
1752 2061 2054 2172 quodcumque

282 2201 286 2210 “
442 2179 568 2266 fixerit
588 2175 693 2262 dure
712 2185 918 2260 montano
941 2175 1173 2284 occupabit
1193 2187 1360 2262 sextum
1391 2201 1491 2259 vero
1531 2177 1749 2260 denarium
1781 2203 1832 2264 ex
1854 2177 1968 2259 dicto
1987 2179 2055 2259 lu-

290 2291 297 2303 “
333 2308 340 2331 ²
444 2325 516 2382 cro
552 2294 834 2380 haereditarie
868 2295 914 2374 iu
943 2301 1196 2404 perpetuum
1224 2293 1369 2398 libere,
1406 2303 1449 2376 et
1478 2294 1564 2374 suis
1594 2293 1774 2401 posteris
1793 2295 2075 2406 usurpandm

443 2415 731 2502 Promittimus
775 2411 918 2495 etiam.
943 2413 1086 2496 omnia
1116 2413 1291 2516 vinaria,
1325 2412 1394 2496 vel
1428 2419 1664 2494 structmas
1698 2411 1744 2490 in
1762 2411 1893 2494 fluuio
1924 2409 2053 2518 Visla,

444 2560 519 2643 per
561 2528 875 2642 quemcumque
914 2528 1066 2632 factas,
1099 2537 1143 2614 et
1173 2531 1480 2644 cuiuscumque
1510 2526 1791 2636 fi1erint,'pro
1824 2554 1949 2636 opere
1982 2529 2055 2614 Oi-

408 2715 414 2718 .
445 2643 591 2732 uitatis
614 2647 969 2732 Sandomiriensis
990 2646 1274 2756 supradictae,
1296 2655 1340 2728 et
1358 2647 1451 2757 alijs
1482 2641 1742 2755 temporibus
1774 2648 2055 2754 necessitatis,

445 2774 574 2876 prout
602 2765 709 2874 juris
746 2773 812 2846 est
847 2763 1020 2872 aperire.
1065 2762 1301 2880 Statuimns
1336 2766 1509 2874 insuper
1538 2763 1584 2844 in
1615 2763 1834 2872 praedicta
1871 2761 2056 2848 Ciuitate

447 2881 793 2982 Sandomiricnsi,
813 2879 1155 2990 fonnmannuale
1176 2881 1224 2963 in·
1240 2881 1349 2984 festo
1367 2877 1668 2990 assumptionis
1704 2878 1859 2962 beatae
1895 2881 2055 2966 Mariae

446 2993 773 3112 quatuordecim
795 3003 995 3084 continue
1012 2989 1167 3084 'diebus
1189 2999 1392 3112 celebrarj
1414 3024 1578 3106 semper
1600 3007 1644 3080 et
1659 2995 1808 3107 tenerj.
1851 2995 2057 3083 Volumus

429 3122 592 3234 ,itaque
612 3126 662 3200 ut
680 3144 757 3228 pro
772 3117 862 3210 „tali
896 3119 1122 3206 donatione
1158 3118 1452 3222 haereditaria,
1489 3127 1534 3203 et
1561 3117 1767 3226 libertatis
1801 3117 2057 3232 receptione,

342 3309 346 3314 .
446 3237 570 3320 simul
588 3245 632 3318 et
649 3261 726 3344 pro
747 3220 990 3339 aduocatis,
1011 3236 1249 3326 aduocatis
1270 3237 1589 3337 haereditarius,
1609 3244 1925 3346 cumqmtucr
1948 3222 2056 3318 bali-

301 3435 306 3440 .
448 3355 599 3462 sterijs,
634 3351 759 3436 nobis
794 3363 838 3450 et
866 3356 1021 3438 nostris
1057 3353 1375 3438 successoribus
1411 3351 1619 3438 mittendo
1657 3353 1713 3434 ad
1730 3435 1735 3456 ,
1750 3352 2056 3462 expeditiones,
2137 3433 2143 3442 .

450 3469 606 3581 quibus
626 3473 901 3576 personaliter
920 3467 1179 3574 affuerimus,
1200 3473 1270 3554 vel
1287 3479 1435 3555 noster
1454 3495 1690 3580 successor,
1725 3477 1920 3551 teneatur
1957 3469 2055 3551 cu'm
2154 3545 2157 3550 .
2205 3512 2209 3521 ·

449 3589 536 3672 suis
556 3588 737 3698 posteris
760 3589 985 3671 desereire.
1018 3587 1088 3669 Ad
1106 3588 1351 3696 praedictas
1371 3616 1546 3700 quoque
1561 3586 1810 3686 locationes,
1830 3595 1918 3665 tam
1939 3583 2058 3669 Oini-

448 3707 548 3790 tatis
570 3732 702 3816 quam
714 3723 925 3816 ‘agrorum
944 3705 1083 3788 eidem
1106 3705 1401 3804 adiacentium,
1425 3706 1500 3815 qui
1520 3703 1676 3786 fuerint
1689 3703 1833 3785 vocati
1853 3729 1879 3784 a
1898 3697 2057 3784 Palati·
2087 3699 2117 3805 .‘

447 3849 502 3908 no
524 3833 569 3930 et
590 3821 833 3907 Oastelleno
855 3821 1282 3926 sandominensibus,
1299 3832 1342 3904 et
1357 3824 1472 3906 omni
1486 3829 1701 3930 potestate
1719 3845 1868 3904 eorum
1898 3821 2057 3904 inordi-

367 4031 372 4040 ,
448 3942 579 4026 naria:
610 3951 782 4050 propter
796 3943 868 4050 jus
890 3933 1219 4043 Theutcnicum,
1254 3941 1378 4024 simul
1398 3967 1495 4034 cum
1517 3941 1729 4030 aduocato
1764 3941 1852 4021 sint
1887 3939 2057 4047 penitus

452 4059 647 4148 absoluti.
678 4060 773 4143 Nec
789 4059 889 4143 alibi
903 4088 1095 4170 unquam
1112 4059 1374 4142 cittabnntm
1385 4057 1634 4144 Aduocatus
1652 4085 1749 4141 eum
1767 4056 1944 4142 (linibus
1960 4057 2059 4164 suis,
2153 4102 2156 4118 ι

382 4170 387 4182 ’
433 4174 494 4261 'et
512 4178 581 4287 alij
596 4177 693 4285 jure
715 4177 984 4262 Thentonico
1006 4176 1208 4279 fruentes,
1239 4179 1320 4260 nisi
1340 4177 1407 4259 ad
1427 4186 1625 4261 nostmm
1636 4177 1862 4286 iudicium,
1894 4174 1929 4252 si
1951 4199 2059 4280 opus
2213 4189 2260 4220 ·'‘

448 4293 588 4380 luerit.
609 4321 686 4402 per
705 4295 870 4380 literam
891 4295 971 4378 sub
993 4296 1130 4405 sigillo
1166 4303 1324 4399 nostro,
1349 4321 1435 4378 non
1468 4295 1588 4376 aliter
1611 4321 1749 4406 quam
1783 4292 1877 4400 jure
1910 4287 2059 4374 Theu·
2153 4267 2180 4480 s
2215 4387 2218 4395 ἢ
2362 4368 2374 4380 ,,
2463 4397 2466 4404 ¹

449 4417 590 4498 tonica
611 4415 656 4494 in
677 4413 872 4498 omnibus
895 4413 1056 4496 caussis
1079 4413 1308 4497 iudicandi
1340 4409 1499 4495 Verum
1519 4411 1714 4496 tamensi
1729 4405 1904 4517 aliquod
1923 4392 2135 4551 Priuieji
2153 4483 2157 4498 .
2175 4400 2204 4511 ,3³
2285 4419 2304 4440 '⁴
2322 4432 2329 4519 J
2351 4397 2395 4517 ”j

449 4530 608 4640 legium
630 4534 847 4614 emerserit
863 4533 910 4613 in
930 4541 1159 4642 posterum,
1181 4541 1224 4612 et
1242 4557 1319 4638 per
1340 4531 1526 4641 aliquem
1558 4531 1775 4612 ostensum
1796 4524 1933 4631 fuerit,
1955 4553 2058 4610 con·
2147 4587 2150 4596 .
2180 4523 2213 4562 '“¹
2238 4517 2290 4597 ,a
2398 4508 2409 4537 ‘⁸

448 4649 586 4730 tineus
606 4646 750 4732 forsan
770 4647 898 4760 super
918 4649 1137 4760 praedicta
1160 4648 1357 4752 Ciuitate,
1379 4648 1578 4732 aPatruo
1599 4653 1742 4728 nostro
1757 4639 2058 4746 inclit0·Duce,
2141 4655 2147 4718 f

450 4767 667 4876 quondam
700 4765 938 4852 Oracouiae
977 4775 1021 4849 et
1042 4765 1335 4851 Sandomiriee
1369 4763 1579 4904 Bobislao,
1615 4761 1685 4846 vel
1706 4761 1761 4846 ab
1782 4771 2060 4845 antecessore
