4856 5932
1152 715 1427 837 mlta-'-

461 926 603 1009 nicum
623 914 997 1031 Magdeburgense
1019 915 1074 1002 ab
1096 917 1271 1029 antiquo
1285 915 1542 1000 consenserit
1561 911 1932 1030 (co'nsueveruntl)
1953 924 2117 1028 pertur-

463 1043 580 1130 bare.
626 1041 676 1123 In
699 1037 818 1148 cujus
839 1037 899 1119 rei
923 1035 1176 1142 evidentiam
1211 1036 1438 1146 pleniorem
1468 1045 1511 1118 et
1529 1035 1814 1120 testimonium
1834 1038 1921 1122 fide
1943 1038 2117 1150 dignum

461 1159 757 1274 praesentibus
779 1145 1127 1268 sigillum‘meum
1147 1165 1213 1238 est
1234 1183 1480 1268 appensum.
1518 1154 1672 1240 Actum
1696 1165 1739 1239 et
1760 1157 1906 1240 datum
1927 1157 1970 1240 in
1992 1157 2117 1242 domo

460 1309 580 1366 meae
617 1276 890 1380 habitationis
910 1276 953 1356 in
976 1274 1141 1360 Octava
1163 1274 1206 1361 S.
1229 1274 1496 1386 Margaritae,
1527 1277 1569 1357 in
1604 1274 1728 1370 Nova
1765 1274 1951 1382 sanae,
1992 1274 2116 1361 'Anno

459 1391 630 1486 Domini
650 1396 869 1482 Millesimo
893 1397 1312 1508 quadringentesimo
1334 1395 1600 1504 sexagesimo
1622 1404 1789 1509 quarto.

948 1543 979 1604 0

1056 1931 1058 1936 Ι
1199 1745 1393 1888 CCXXl

644 1991 1072 2114 'Petnoovtue-
1084 2027 1177 2122 dio
1200 2023 1276 2112 2³
1306 2023 1561 2110 Octobris
1575 2023 1724 2114 1464
1741 2046 1906 2112 anno.
1957 2077 1964 2092 ·

466 2249 745 2328 malmin-us
758 2247 1119 2338 Jagcllonldcs
1141 2265 1197 2321 rex
1210 2245 1360 2334 lrlorirc,
1375 2244 1591 2320 ninistuirler
1605 2249 1689 2338 regri
1711 2247 1864 2322 stationes
1878 2251 1912 2322 rt
1925 2249 2115 2341 promur-

591 2373 648 2430 ποι
661 2357 693 2429 ir
706 2355 789 2430 villis
803 2353 1082 2430 armeniensi
1095 2351 1214 2440 lentie,
1228 2369 1248 2424 r
1262 2349 1453 2454 securibus
1469 2352 1503 2421 et
1516 2349 1622 2424 inuis
1638 2355 1781 2440 expuere
1793 2351 1933 2443 ponus
1949 2356 1999 2436 (¹).

568 2563 800 2650 Oazimirus
823 2565 890 2648 dei
911 2562 1057 2674 gracia
1077 2561 1170 2664 Rex
1189 2560 1375 2662 Polonie‚
1411 2588 1593 2670 magnus
1626 2560 1711 2644 dux
1731 2559 1970 2666 Lithuanie‚
2006 2561 2118 2645 Rus·-

463 2683 537 2786 sie,
573 2683 830 2795 Prussieque
872 2683 1063 2768 dominus
1095 2691 1138 2764 et
1172 2681 1308 2782 heres,
1345 2679 1635 2789 significamus
1666 2687 1812 2764 tenore
1852 2682 2118 2790 presencium

463 2802 671 2890 uniuersis
699 2802 965 2913 presentibus
1003 2809 1046 2884 et
1080 2797 1229 2903 sunnis
1266 2797 1480 2911 quomodo
1516 2799 1770 2882 venerabilis
1810 2810 1853 2882 et
1885 2799 2119 2914 relligiosus

465 2919 650 3008 Michael
687 2921 822 3006 abbas
844 2951 941 3008 cum
962 2947 1039 3004 suo
1063 2928 1278 3004 conuentu
1317 2918 1560 3002 monasterii
1595 2928 1743 3002 sancte
1782 2918 1931 3004 Crucis
1967 2921 2119 3006 montis

465 3037 643 3154 celuitr)
657 3069 735 3124 sua
755 3040 878 3126 nobis
899 3039 1107 3124 relacione
1128 3045 1415 3122 monstrarunt
1435 3065 1530 3120 cum
1545 3039 1723 3147 querelis
1741 3039 1856 3148 quod
1872 3039 2120 3123 ministeria·

466 3159 530 3244 les
553 3160 653 3245 alies
677 3159 889 3272 Oprowoze
908 3162 952 3242 in
972 3160 1094 3244 terris
1113 3158 1266 3246 nostris
1286 3157 1465 3240 instituti
1485 3155 1604 3240 uillas
1624 3159 1811 3270 ipsorum
1842 3160 2025 3267 visitant,
2061 3157 2118 3246 ab

463 3279 630 3365 eisdem
646 3289 688 3362 et
708 3304 849 3364 eorum
873 3277 1136 3364 cmetonibus
1158 3289 1202 3359 et
1220 3275 1367 3362 ineolis
1399 3276 1611 3360 staciones
1642 3288 1685 3360 et
1704 3279 2026 3389 procuraciones
2049 3309 2121 3364 ex·

462 3407 623 3508 petunt,
646 3423 805 3505 eosque
827 3399 882 3480 ad
904 3425 1137 3510 grauamen
1156 3424 1240 3481 non
1262 3395 1475 3481 modicum
1497 3395 1552 3478 ad
1573 3397 1844 3508 inquirendos
1880 3397 2122 3508 frequenter

464 3545 618 3602 causes
639 3517 955 3602 irracionabiles
977 3517 1031 3600 ad
1053 3525 1193 3600 cestra
1212 3524 1360 3602 nostra
1380 3516 1531 3598 cittene
1554 3522 1595 3597 et
1615 3515 1784 3627 fatigari
1803 3529 2044 3628 procurant,
2079 3529 2123 3603 et

466 3637 568 3748 quia
588 3637 827 3721 huiusmodi
847 3636 1115 3722 uisitaciones
1139 3644 1181 3718 et
1202 3635 1551 3747 procurationum
1574 3635 1903 3720 adinuenoiones
1924 3667 2000 3748 per
2020 3665 2121 3724 con·

465 3756 713 3840 stituciones
736 3765 972 3842 nostrorum
992 3757 1339 3868 predecessorum
1361 3763 1460 3840 sunt
1478 3756 1620 3859 aetite,
1657 3781 1742 3864 que
1771 3757 1814 3840 in
1835 3760 2119 3866 opressionem

461 3867 973 3986 vicorum-'relligiosorum
996 3886 1038 3960 et
1059 3904 1203 3962 eorum
1224 3875 1438 3960 hominum
1474 3874 1738 3970 subditorum
1772 3885 1956 3986 uergant
1989 3877 2118 3962 uelud

464 3993 583 4105 pacis
603 3993 894 4100 inquietatiue‚
914 4023 991 4080 nos
1011 3997 1237 4080 innitentes
1272 3995 1621 4104 predecessorum
1656 4004 1892 4078 nostrorum
1923 3996 2116 4108 uestigiis

466 4114 601 4200 dictas
623 4113 950 4200 constituciones
974 4113 1259 4224 approbamus
1276 4123 1320 4196 et
1339 4115 1588 4198 innouamus
1624 4113 1874 4224 generaliter
1905 4115 2120 4200 institutes

466 4234 569 4342 quia
587 4257 688 4316 uero
709 4230 804 4342 plus
826 4230 932 4314 solet
950 4233 1086 4314 timeri
1107 4233 1223 4342 q'uod
1244 4231 1508 4342 singulariter
1528 4231 1774 4345 prohibetur
1796 4259 1925 4352 quam
1947 4233 2120 4348 quod...

466 4364 654 4459 caustum
668 4351 797 4438 vobis
820 4349 1013 4436 omnibus
1052 4357 1094 4434 et
1114 4349 1290 4464 singulis
1310 4352 1648 4440 ministerialibus
1684 4349 1787 4437 alias
1822 4377 2058 4466 oprooozam
2076 4357 2119 4440 in

428 4643 432 4652 .
459 4587 469 4608 ⁶
569 4587 611 4670 (¹)
629 4587 681 4656 Ex
695 4587 780 4654 libro
791 4586 1027 4673 manuscripto,
1042 4583 1082 4652 de
1094 4603 1157 4671 quo
1165 4585 1231 4670 jam
1245 4585 1306 4653 snb
1320 4607 1349 4652 a.
1366 4589 1446 4653 1351
1456 4586 1595 4656 diximus
1610 4585 1697 4670 (vide
1714 4587 1960 4674 annotationem
1981 4589 2120 4676 primam

467 4669 600 4736 tabulae
616 4671 736 4741 Nss'CV
752 4695 827 4762 pag.
846 4675 922 4754 233)
936 4673 1006 4738 Leo
1023 4669 1275 4757 Rzyszczewski
1292 4673 1475 4760 descripsit.

568 4755 610 4838 (²)
634 4757 742 4826 Colrus
756 4783 855 4835 mons,
871 4759 960 4844 lpse
973 4759 1061 4846 ydra,
1078 4757 1117 4822 ds
1134 4775 1200 4842 qno
1212 4757 1279 4842 jam
1298 4779 1407 4847 supra.
1438 4757 1488 4825 De
1503 4757 1669 4826 Michaele
1685 4757 1803 4826 abbate
1823 4757 1916 4848 legas
1931 4761 2116 4828 anscario

468 4865 541 4909 nem
556 4843 775 4911 secundam...
791 4843 922 4911 tabulas
938 4843 980 4910 N⁰
996 4839 1106 4910 CCXI
1123 4863 1199 4932 pag.
1213 4843 1285 4910 415.
