4952 5926
1107 713 1357 786 ..23-

216 893 221 902 ⁵
332 971 339 980 -
459 911 667 998 kalendae
692 864 994 1028 septembris
1026 909 1264 996 Indictione
1300 909 1355 993 X.
1383 909 1545 994 Datum
1580 865 1841 1022 permanes
1873 913 2065 1000 hermani
2153 913 2161 928 ’
2228 933 2231 940 “

462 1032 657 1142 magistri
676 1029 969 1140 regiinotarij.
1056 1067 1086 1129 g
1188 1071 1196 1088 ·

506 1150 597 1233 Nos
608 1149 746 1258 igitur
765 1147 897 1256 ipsius
917 1147 1099 1228 libenter
1117 1146 1308 1230 uolentes
1330 1146 1568 1230 deuotionis
1588 1148 1772 1257 uestigia
1801 1149 1954 1232 imitari
1984 1178 2061 1258 pro

392 1265 547 1370 *labore
570 1267 770 1350 continuo
791 1293 921 1376 quem
940 1263 1093 1348 frames
1114 1266 1256 1372 sepius
1277 1266 1498 1348 memorati
1517 1264 1703 1347 fideliter
1719 1275 1763 1346 et
1790 1264 2001 1350 feruenter
2020 1271 2065 1352 in
2209 1263 2213 1272 '

402 1383 595 1493 partibus
616 1381 781 1470 faciunt
799 1382 1086 1466 transmarinis
1108 1391 1152 1462 et
1171 1385 1302 1466 etiam
1321 1383 1366 1462 in
1385 1383 1525 1490 prutia
1551 1409 1628 1492 pro
1651 1381 1840 1498 eeclesia
1863 1384 1931 1466 dei
1963 1411 2065 1470 con-

401 1507 467 1584 tra
501 1501 743 1584 barbariem
786 1525 1064 1612 paganorum,
1115 1498 1236 1606 cujus
1252 1510 1254 1516 '
1271 1500 1472 1582 uidelicet
1509 1499 1666 1584 laboris
1700 1500 2066 1612 participationem

402 1616 656 1701 affectamus
675 1622 719 1701 in
739 1621 913 1726 premio,
933 1619 1017 1698 iam
1038 1615 1241 1725 scriptum
1261 1619 1549 1700 auctenticum
1569 1618 1856 1728 sollempniter
1884 1648 2066 1706 renoua-
2203 1677 2204 1680 κ

401 1763 511 1820 mus.
536 1745 580 1817 et
600 1737 806 1848 quicquid
826 1737 1065 1820 continetur
1091 1735 1135 1816 in
1157 1761 1207 1818 eo
1227 1735 1384 1817 nullam
1404 1735 1614 1818 facientes
1654 1739 1948 1846 exceptionem
1982 1739 2061 1824 ha-

400 1854 552 1938 bemus
568 1865 722 1936 ratum.
743 1857 1005 1963 presentium
1025 1853 1280 1936 auctoritate
1303 1855 1420 1938 bulla
1439 1864 1584 1937 nostre
1604 1856 1838 1938 maiestatis
1869 1860 2069 1964 apposita¹
2095 1940 2098 1946 .

401 1970 715 2056 confirmantes.
747 1971 887 2081 Hujus
907 1972 1193 2055 renouationis
1224 1972 1321 2054 ¹siue
1342 1971 1673 2056 confirmationis
1708 1980 1841 2056 testes
1871 1983 1971 2061 eunt
1991 1967 2069 2060 hii.¹

153 2073 158 2080 ¹
220 2161 227 2170 .
363 2095 383 2112 ”
400 2089 657 2199 Peregrinus
694 2091 923 2198 episeopus
959 2089 1176 2200 quondam
1215 2087 1460 2200 Pragensis.
1502 2087 1715 2172 Arnoldus
1748 2079 2066 2200 Wisgradensis

399 2208 639 2316 prepositus
661 2209 818 2317 regalis
840 2209 937 2291 aule
956 2205 1248 2289 cancellarius.
1278 2207 1373 2315 Epo
1393 2207 1890 2316 pragensisprepositus.
1921 2209 2067 2326 Minti·

402 2325 534 2407 d‘rulre
556 2325 811 2409 castellanus
833 2325 1071 2437 pragensis.
1096 2333 1140 2406 et
1158 2325 1268 2432 lipcn
1289 2324 1400 2406 filius
1422 2324 1561 2410 fratris
1583 2325 1661 2406 sui.
1702 2322 1945 2422 Brezizlaus
1975 2327 2064 2410 fra-

399 2441 935 2553 ter'Ohir'ne..Bogunlaus
956 2443 1067 2524 filius
1088 2442 1318 2532 zlauconis.
1351 2438 1581 2526 Budizlaus
1603 2439 1711 2524 filius
1743 2440 1941 2528 Jerozlei.
1978 2443 2067 2528 Ne.
2228 2537 2230 2542 ,
2405 2399 2412 2406 ¹

393 2559 552 2650 belcha
588 2570 633 2642 et
666 2558 912 2672 Bugenlaus
957 2560 1087 2642 frater
1121 2572 1236 2644 suus.
1277 2558 1478 2668 Budiuoy
1515 2571 1560 2642 et
1588 2557 1751 2670 Witigo
1787 2559 1861 2642 filii
1893 2557 2059 2649 Zawisi.

344 2735 348 2744 -
402 2679 544 2786 etalij
567 2679 872 2788 quamplures.
931 2677 1092 2760 Actum
1129 2678 1299 2789 Prage.·
1338 2676 1464 2762 Anno
1507 2677 1714 2762 dominice
1759 2679 2062 2765 incarnationis

398 2795 470 2880 M⁰.
483 2795 758 2882 00⁰.XXX⁰.
770 2795 858 2882 VI⁰.
891 2791 1054 2897 Quarto
1072 2796 1278 2882 kalendas
1298 2789 1509 2884 Octobris.
1530 2795 1772 2880 Indictione
1788 2795 1926 2882 Non‘a.
1956 2881 1966 2899 ‚
2042 2890 2046 2898 ¹

406 3297 412 3440 ἶ
475 3313 871 3427 -Sonrtornmae,
903 3331 1022 3416 rinc
1048 3317 1141 3416 dte
1167 3337 1448 3428 otmense,
1475 3351 1627 3417 amco
1652 3345 1794 3418 coro
1819 3329 1983 3421 12³0.

392 3479 756 3597 immonem,
771 3509 1175 3592 manetem
1190 3517 1430 3610 marm
1450 3517 1609 3609 unm
1623 3515 2063 3602 sermenem).

501 3675 554 3774 In
571 3685 740 3774 nomine
773 3688 932 3774 domini
963 3717 1098 3774 amen.
1129 3687 1201 3772 Ad
1219 3699 1472 3800 perpetuam
1508 3718 1621 3800 quae
1657 3689 1849 3798 sequitur
1882 3688 1943 3770 rei
1972 3719 2062 3774 me·-
2201 3777 2209 3785 ,

397 3809 585 3896 moriam.
619 3807 918 3918 sigismundus
939 3807 1164 3918 Augustus
1186 3807 1254 3891 dei
1276 3807 1416 3920 gratia
1432 3805 1525 3892 Rex
1540 3805 1753 3911 Poloniae,
1773 3835 1958 3918 magnus
1975 3808 2062 3892 dux
2124 3885 2125 3890 a

398 3927 651 4013 Lithuaniae
686 3953 766 4006 nec
801 3953 888 4009 non
926 3925 1155 4010 Terrarum
1192 3925 1443 4011 Oracouiae.
1488 3922 1793 4034 Sandomiriae.
1841 3922 2063 4034 Syradiae.
2121 3962 2127 3974 ·
2172 4025 2176 4030 .

396 4045 632 4140 Lancitiae.
675 4042 894 4152 Ouiauiae.
945 4043 1198 4132 Culmensis.
1247 4045 1520 4155 Elbingensis
1565 4043 1843 4127 Pomeraniae
1880 4043 2062 4128 Russiae

273 4183 278 4190 '
397 4157 607 4275 Prussiae.
628 4158 859 4247 Masoviae.
892 4159 1243 4274 Samogitiaeque
1266 4173 1345 4246 etc.
1385 4163 1577 4247 dominus
1611 4169 1654 4244 et
1684 4162 1846 4244 haeres.
1891 4159 2065 4270 Signifi-

398 4285 545 4382 can'rus
564 4267 865 4394 praesentibus
885 4281 1015 4364 literis
1036 4283 1190 4365 nostris
1214 4281 1269 4364 ad
1291 4308 1398 4394 quos
1420 4283 1604 4388 pertinet
1623 4280 1828 4363 universis
1851 4287 1895 4357 et
1914 4279 2063 4388 singu-

211 4431 241 4457 .-
345 4485 354 4502 ,
396 4397 448 4504 lis
459 4399 763 4512 praesentibus
782 4408 827 4482 et
845 4397 996 4509 futuis
1017 4391 1168 4484 harum
1189 4402 1383 4484 notitiam
1403 4397 1622 4482 habituris.
1667 4393 1779 4515 Quia
1799 4391 1945 4479 oblata
1966 4405 2066 4480 sunt
2155 4473 2165 4490 ,

407 4611 412 4620 ¹
501 4629 545 4714 (¹)
565 4629 779 4720 Privilegium
804 4629 869 4698 hoo
886 4631 1099 4698 doctissimus
1115 4632 1222 4698 nostri
1252 4629 1388 4700 Codicis
1417 4641 1582 4700 tomorum
1610 4630 1759 4728 priorum
1774 4625 1884 4692 editor
1897 4628 2065 4695 Antonius
2171 4667 2180 4688 ·
2257 4671 2261 4678 ·
2333 4675 2340 4682 -

395 4711 625 4782 Mucnkowslri
636 4739 677 4783 ex
692 4716 777 4784 actis
792 4711 1015 4784 Tabulariilte
1041 4718 1087 4794 ni,
1101 4715 1201 4806 vulgo
1216 4714 1365 4803 Metryki
1374 4715 1526 4782 koronue
1538 4714 1619 4782 dicu
1630 4711 1701 4796 (lib.
1714 4712 1756 4778 93
1765 4710 1823 4778 iol.
1834 4713 1896 4779 318
1908 4721 1942 4780 et
1953 4715 2064 4797 seqq.)

395 4820 436 4866 ex
450 4807 678 4888 transsumpto
695 4823 775 4885 nero
789 4801 995 4890 Sigiemundi
1043 4802 1155 4893 agusti
1169 4801 1358 4887 descripsit.
1505 4841 1507 4846 ,
1675 4839 1676 4843 =
1751 4877 1755 4884 .
2112 4823 2118 4840 1
