4822 5924
1155 1087 1401 1205 oblini
1525 1255 1528 1263 ἢ

782 1349 913 1432 stoc
931 1347 1059 1431 loco
1077 1349 1131 1428 ct
1149 1345 1255 1438 die,
1274 1364 1425 1426 anno
1442 1339 1762 1428 cero1384.

453 1571 742 1650 ‚catherina
763 1571 879 1644 metior
900 1569 979 1641 atat
999 1583 1098 1640 aran
1114 1563 1219 1656 jolico
1232 1563 1391 1638 castellari
1410 1563 1624 1652 ortonensis
1639 1565 1807 1638 nubum
1821 1563 1859 1636 le
1877 1565 2074 1644 Kremaste,

511 1677 629 1766 uictor
650 1674 790 1762 nabas
812 1673 956 1761 taqua
971 1673 1110 1742 auctores
1125 1667 1252 1740 incendii
1270 1666 1377 1738 tonus
1391 1669 1424 1736 ct
1441 1666 1737 1756 perortrnrnnu
1769 1666 2035 1754 staucatii

438 1793 442 1802 “
977 1769 1131 1866 rjrtiriir
1149 1769 1341 1855 toloneum,
1359 1769 1500 1846 assonat
1518 1771 1567 1852 (Ι).

547 1987 636 2070 Nos
658 1982 843 2067 nicolaus
865 1979 895 2064 J
898 1978 1008 2062 udex
1028 1977 1243 2088 magnifici
1264 1978 1340 2061 viri
1358 1977 1512 2086 dominj
1532 1975 1737 2086 dobeslay
1755 1975 1897 2060 Castel
1915 1977 1982 2058 ani
2000 1976 2097 2089 (sic)

449 2105 750 2190 Oracowiensis
772 2097 919 2184 notum
960 2097 1136 2182 facimus
1172 2097 1436 2206 presentibus
1469 2105 1512 2178 et
1542 2095 1691 2180 futuris
1729 2095 1894 2196 Quibus
1931 2097 2100 2205 expedit

446 2224 650 2308 vniuersis
684 2218 809 2320 Quod
846 2247 940 2300 curn
963 2219 1016 2300 ad
1037 2227 1221 2301 nostram
1254 2215 1512 2321 aliorumque
1545 2215 1806 2299 dominorum
1836 2217 2099 2324 presenciam

446 2341 667 2428 nobiscum
699 2343 739 2422 in
770 2339 924 2420 iudicio
955 2335 1261 2448 presidencium
1303 2333 1538 2417 Katherina
1573 2333 1832 2416 kmetonissa
1863 2333 1915 2416 de
1947 2333 2099 2424 Lusco-

447 2461 541 2544 arez
563 2457 617 2574 (⁹)
640 2489 691 2542 ex
713 2468 830 2570 parte
852 2479 937 2538 vna
957 2455 1165 2538 famosum
1196 2455 1329 2538 virum
1360 2453 1579 2538 urilrosium
1603 2453 1825 2535 scolteturn
1858 2453 1909 2532 de
1941 2449 2101 2534 elimon-

449 2580 581 2662 torot‘oz
603 2577 656 2693 (³)
678 2579 902 2661 iohannem
925 2575 976 2658 de
998 2573 1226 2685 saepordoro
1250 2571 1303 2684 (⁴)
1326 2583 1370 2653 et
1389 2581 1556 2680 petrum
1595 2597 1690 2652 curn
1720 2599 1845 2654 vxore
1870 2572 1920 2652 de
1944 2569 2102 2653 clinton-

449 2697 580 2793 towioz
602 2708 644 2778 et
665 2697 886 2779 mikosium
909 2691 961 2775 de
981 2693 1220 2805 pautioroz'cz
1243 2693 1285 2772 et
1304 2689 1525 2773 mikosium
1545 2691 1596 2774 de
1614 2686 1886 2782 clz'montoroicz
1909 2699 2100 2799 exparte

450 2819 530 2902 alia
549 2843 626 2927 pro
649 2815 902 2924 quibusdam
938 2809 1143 2920 incendijs
1182 2811 1328 2893 domus
1350 2821 1392 2891 et
1413 2812 1586 2894 aliarum
1621 2837 1758 2892 rerum
1781 2809 2020 2918 perdicione
2043 2805 2107 2890 ci?

448 2940 529 3019 tari
549 2943 818 3046 procurasset
839 2933 895 3015 Et
916 2961 1013 3013 cum
1045 2931 1192 3012 eadem
1227 2957 1357 3010 causa
1386 2930 1428 3010 in
1458 2929 1611 3013 multos
1644 2957 1694 3010 ac
1715 2929 1853 3014 varios
1890 2929 2099 3010 terminos

448 3055 696 3138 uolueretur
715 3056 757 3134 in
778 3053 953 3135 termino
984 3049 1262 3159 peremptorio
1294 3049 1511 3156 Vtriusque
1532 3049 1723 3156 partibus
1746 3046 1841 3160 (sic)
1864 3073 2003 3131 coram
2026 3073 2101 3130 no-

449 3173 515 3258 bis
536 3172 809 3282 personaliter
841 3171 1093 3254 constitutus
1124 3168 1377 3252 Memoratus
1414 3167 1614 3250 mikosius
1637 3166 1837 3250 scultetus
1861 3167 2038 3247 asseruit
2059 3177 2103 3250 et

448 3294 612 3376 locutus
636 3303 701 3373 est
723 3289 938 3373 euidenter
960 3284 1086 3386 Quod
1108 3315 1190 3382 non
1213 3286 1313 3368 alias
1329 3287 1408 3368 nisi
1423 3285 1465 3366 in
1483 3285 1717 3370 hereditate
1738 3283 1842 3368 Jure
1863 3312 1938 3368 suo
1957 3283 2103 3368 Theu-

449 3412 624 3494 tunicali
642 3407 813 3492 cuilibet
831 3410 931 3493 dese
943 3405 1039 3520 (sic)
1053 3406 1291 3516 querulanti
1309 3415 1551 3488 tenerentur
1566 3405 1820 3514 respondere
1833 3400 1958 3503 Quod
1974 3406 2104 3514 priui-

447 3531 528 3616 leio
552 3527 646 3643 (sic)
669 3528 856 3612 eiusdem
879 3527 1122 3608 hereditatis
1143 3525 1250 3606 iuste
1270 3525 1436 3634 ydonee
1459 3534 1501 3606 et
1521 3523 1777 3608 sufficienter
1798 3524 1942 3608 docuit
1963 3525 2101 3634 adque

421 3721 427 3732 .
451 3651 672 3760 aprobauit
685 3646 793 3762 (sic).
819 3645 956 3756 Super
978 3673 1064 3756 qua
1085 3643 1256 3756 quidem
1277 3643 1534 3754 probacione
1554 3645 1665 3726 idem
1686 3641 1885 3726 mikosius
1903 3643 2103 3727 scultetus

452 3765 619 3852 anobis
649 3769 732 3852 sibi
764 3765 861 3862 dari,
883 3766 1005 3877 petijt
1033 3774 1271 3872 presentem
1292 3765 1455 3846 literam
1477 3762 1730 3846 Judicialern
1749 3761 1800 3846 ln
1822 3763 1938 3844 ouius
1959 3762 2019 3844 rei
2039 3771 2104 3843 te-

556 4031 594 4112 (¹)
618 4029 647 4094 E
662 4028 774 4093 tabula
799 4027 987 4092 authentica
1010 4049 1208 4114 pergamena
1233 4023 1422 4106 Staniatciis
1439 4025 1471 4088 in
1486 4023 1619 4090 archivo
1634 4025 1824 4092 monasterii
1839 4033 2015 4104 asservata,
2033 4023 2107 4092 Sla-

450 4117 568 4183 wiriski
593 4113 776 4200 descripsit.
815 4113 972 4178 Taeniola
998 4134 1194 4199 pergamena
1220 4133 1397 4198 appensum
1414 4119 1464 4174 est
1480 4111 1584 4175 minus
1601 4109 1744 4197 sigillum
1759 4109 1798 4174 de
1814 4133 1892 4175 cera
1907 4109 2031 4196 vulgari
2048 4109 2107 4176 sed

450 4202 564 4270 viridis
579 4198 711 4278 coloris3
726 4195 866 4284 sigillum
881 4211 913 4262 et
928 4197 1029 4263 verba
1044 4197 1076 4262 in
1092 4196 1213 4260 ambitu
1229 4200 1357 4282 penitus
1374 4195 1489 4260 deleta.
1514 4195 1549 4260 ln
1567 4195 1668 4262 altera
1682 4204 1775 4282 parte
1791 4195 1919 4262 tabulae
1932 4196 2106 4282 inscriptio

452 4287 607 4376 polonica
622 4281 724 4352 seculi
740 4283 857 4350 decimi
873 4282 978 4365 quinti
993 4303 1141 4366 sequens:
1165 4277 1206 4345 In
1221 4283 1333 4350 iudicio
1348 4283 1467 4370 ‹lominj
1484 4281 1691 4348 Crorour'eoair
1714 4279 1893 4369 Wip'roodnrj
1907 4281 1969 4346 list.
2039 4307 2040 4314 ¹
2086 4352 2089 4360 ,

558 4389 596 4468 (²)
620 4388 826 4474 Lyaalcowira
854 4383 930 4453 villa
959 4382 1185 4458 cracoviensis
1201 4381 1276 4448 olim
1290 4383 1499 4469 palatinatus‚
1529 4381 1627 4450 bodie
1656 4383 1800 4468 regionis
1815 4379 2105 4458 Proszowioensis‚

329 4483 332 4490 “
451 4473 627 4563 parochiae
643 4495 720 4536 vero
736 4471 832 4535 villae
847 4473 1026 4536 Koniuazlra
1041 4467 1159 4534 dictae.

556 4578 598 4654 (³)
623 4575 817 4652 Klimontriw‚
840 4582 907 4639 tres
923 4572 1016 4636 villae
1044 4581 1118 4637 sunt
1139 4569 1281 4656 ejusdem
1309 4569 1447 4637 nominis
1461 4571 1496 4634 in
1512 4567 1725 4636 Cracoviensi
1754 4569 1935 4656 provincia,
1963 4568 2108 4655 regionis

453 4682 532 4724 vero
550 4668 625 4725 sunt
646 4657 860 4735 lloussiensis,
892 4655 1118 4726 cracoviensis
1146 4654 1436 4738 {Proszovicensisl
1455 4663 1488 4719 et
1501 4653 1767 4723 Miechoviensis:
1783 4665 1933 4742 spectant
1948 4655 1988 4721 ad
2002 4675 2107 4742 paro·

454 4743 574 4812 cbiales
589 4741 741 4809 ecclesias
756 4743 790 4807 in
805 4741 930 4820 Niwka,
946 4743 1127 4827 Mstyozow
1143 4749 1176 4805 et
1194 4741 1408 4806 Proszowioe.

561 4825 599 4909 (⁴)
623 4827 822 4916 Niepardow,
838 4827 915 4892 villa
930 4825 1126 4913 parochialis
1142 4825 1394 4894 Mieclrovicnsis
1410 4823 1505 4892 hodie
1519 4823 1673 4912 regionis.
