4856 5932
1019 663 1293 757 -rnr-ss-

1043 1122 1277 1243 coxxffl.

577 1317 1074 1464 'commone-ate
1097 1381 1172 1468 10
1197 1381 1517 1471 nataturo
1544 1402 1708 1517 annno.
1816 1407 1819 1414 ·

333 1599 608 1680 vnnlmlm
623 1599 974 1689 ingelrannum
996 1617 1061 1690 ror,
1074 1599 1258 1676 ltrorrtinr
1278 1603 1309 1676 ln
1328 1604 1411 1678 rilltr
1432 1605 1531 1696 Krya,
1547 1593 1697 1674 ‘homa
1716 1607 1749 1679 ot
1771 1608 1982 1690 Roranam,
2034 1608 2037 1614 ’

332 1707 511 1784 trudon
524 1707 608 1782 utin
622 1709 715 1776 Boe
727 1705 829 1780 diotre
843 1706 874 1778 in
889 1721 979 1778 nrm
990 1703 1151 1796 hospitalis
1164 1723 1185 1780 n
1196 1706 1376 1794 quocun
1403 1706 1586 1780 urerentur
1613 1726 1712 1782 onero
1736 1710 1888 1800 pornlttit
1898 1713 1932 1786 ot
1941 1711 1982 1786 tt

286 1816 289 1820 ’
427 1877 449 1914 q
591 1809 730 1884 omullus
750 1809 951 1882 solutionibus
978 1808 1276 1900 oxpodtlnnitnsqno
1290 1811 1421 1899 holdrin,
1438 1810 1550 1886 litores
1569 1813 1644 1886 hott
1661 1815 1712 1896 ν).

428 2021 675 2124 ⁸Kenimirus
696 2035 779 2120 Dei
800 2037 945 2146 gracia
965 2033 1057 2120 Rex
1076 2033 1247 2120 Polonie‘
1269 2035 1451 2146 Magnus
1490 2037 1574 2122 dux
1593 2037 1839 2144 Lithwanie,
1871 2039 1982 2124 Rus·

333 2163 407 2266 sie,
427 2159 683 2265 Prussieque
698 2155 905 2239 Dominus
927 2164 969 2238 et
989 2155 1123 2238 Heres
1145 2164 1227 2239 etc.
1288 2156 1357 2239 Ad
1377 2165 1624 2266 perpetuam
1645 2161 1706 2242 rei
1725 2160 1981 2242 memoriam.

335 2278 633 2394 Significamus
655 2285 798 2358 tenore
819 2273 1081 2384 presencium
1106 2275 1273 2385 *quibus
1295 2275 1464 2384 expedit
1483 2277 1699 2360 universis.
1761 2273 1982 2376 Quomodo

332 2399 683 2514 predecessorum
703 2402 938 2478 nostrorum
960 2395 1151 2504 vestigys
1171 2395 1422 2500 inherentes,
1461 2396 1534 2503 qui
1570 2396 1624 2479 ad
1660 2396 1985 2507 propagandum

334 2519 494 2601 cultum
516 2515 712 2616 divinum,
743 2512 1125 2620 miserabiliumque
1148 2514 1458 2598 calamitatibus
1481 2540 1787 2626 oppressorum,
1810 2513 1986 2598 defecti-

334 2636 415 2722 bus
439 2645 482 2718 et
504 2631 765 2744 egestatibus
787 2631 1011 2716 subvenire
1034 2643 1077 2714 et
1097 2633 1157 2714 eis
1183 2633 1402 2742 providere
1438 2633 1557 2744 vigili
1592 2633 1855 2718 solicitudine
1884 2660 1986 2718 con·

335 2761 576 2858 sueverunt,
597 2761 733 2860 utque
754 2760 943 2864 tempore
974 2752 1105 2836 nostri
1135 2750 1366 2862 Regiminis
1404 2753 1609 2837 eiusmodi
1632 2777 1737 2860 opus
1758 2755 1882 2862 pium·
1896 2781 1985 2835 am·

334 2873 546 2984 plificetur
568 2878 610 2954 et
628 2870 907 2978 distendatur,
939 2871 1218 2954 Attendentes
1243 2869 1432 2954 defectus
1454 2879 1497 2954 et
1518 2874 1727 2954 caristiam
1763 2871 1986 2982 hospitalis

334 2994 378 3076 in
399 2992 542 3104 Byerz,
563 2992 606 3074 in
629 3017 715 3100 quo
738 2990 976 3100 complures
996 3018 1204 3100 pauperes
1236 2989 1471 3074 defectibus
1501 2992 1685 3101 corporis
1707 2999 1751 3072 et
1769 2991 1987 3076 infirmita-

335 3113 452 3198 tibus
474 3111 579 3194 tacti
599 3113 643 3192 in
662 3109 782 3194 lectis
805 3108 1080 3217 decumbunt3
1113 3108 1444 3220 specialiterque
1466 3109 1745 3219 attendentes,
1777 3108 1888 3211 Quia
1910 3110 1988 3197 Se-

334 3231 555 3316 renissima
576 3227 745 3312 domina
779 3225 990 3340 Heduigis
1027 3230 1125 3314 olim
1154 3229 1327 3324 Polonie
1361 3228 1529 3341 Regina
1565 3229 1723 3312 dictum
1763 3215 1985 3340 Hospitale

335 3349 583 3460 Byeczense
619 3347 954 3431 inhabitantibus
985 3349 1111 3432 villas·
1127 3347 1243 3460 Krylr
1265 3359 1309 3432 et
1331 3339 1543 3433 Labaochc
1559 3346 1613 3458 (ἲ)
1635 3350 1680 3430 in
1699 3351 1824 3437 certis
1854 3379 1986 3459 pecu·

336 3469 500 3553 uiarum
522 3467 694 3552 summis
716 3495 812 3548 cum
833 3467 981 3576 amplis
1002 3467 1287 3578 Prerogativis
1323 3479 1367 3554 et
1400 3467 1665 3575 libertatibus
1706 3467 1986 3576 inscripserat,
2048 3472 2052 3487 '

338 3585 566 3702 dequibus
603 3613 716 3678 nunc
752 3615 800 3668 ex
824 3613 1035 3676 consensu
1075 3597 1217 3672 nostro
1258 3617 1331 3700 per
1365 3585 1639 3698 Magnificum
1677 3585 1890 3670 dacobum
1934 3589 1987 3674 de

338 3705 520 3792 Darabno
540 3703 680 3818 Regni
701 3703 876 3790 Polonie
919 3704 1229 3792 Osncellarium
1266 3718 1308 3790 et
1343 3706 1624 3816 Capitaneum
1662 3704 1986 3792 Oracoviensem

338 3827 500 3910 sincere
521 3823 643 3909 nobis
667 3823 879 3928 dilectum,
902 3853 978 3935 pro
998 3821 1157 3934 meliori
1181 3823 1321 3910 Castri
1341 3826 1472 3910 nostri
1492 3823 1720 3908 Becaensis
1742 3825 1986 3912 condicione
2111 3873 2116 3884 ·

337 3945 515 4058 reempti
552 3951 662 4050 sunu
696 3941 895 4028 Volentes
927 3957 972 4028 et
989 3973 1067 4029 nos
1098 3944 1151 4026 de
1171 3944 1468 4028 munificencia
1503 3952 1647 4028 nostra
1688 3945 1790 4028 alias
1829 3945 1988 4030 eisdem

338 4064 579 4176 benigniter
599 4064 833 4174 providere,
857 4073 899 4148 et
918 4061 1210 4149 benivolencia
1229 4092 1282 4146 ac
1298 4062 1439 4147 afectu
1456 4061 1864 4176 Circumspectorum
1875 4063 1989 4149 Ocn-

341 4185 477 4268 sulum
499 4182 693 4269 Civitatis
729 4179 971 4290 Beczensis,
1014 4183 1233 4294 quemad
1267 4185 1404 4296 ipsum
1445 4183 1651 4294 hospitale
1686 4183 1843 4286 habere
1879 4177 1988 4270 soliti

179 4303 237 4430 ,j
339 4313 449 4408 sunt,
470 4301 730 4410 habentque,
767 4301 992 4415 diligenter
1031 4304 1279 4412 perspectis,
1319 4302 1486 4387 Horum
1525 4304 1673 4412 itaquo
1713 4304 1867 4386 intuitu
1886 4303 1987 4412 ipsis

339 4420 595 4510 Consulibus
615 4447 692 4504 seu
713 4421 1066 4532 gubernatoribus
1103 4421 1290 4506 eiusdem
1327 4421 1559 4532 hospitalis,
1594 4432 1682 4506 tum
1719 4421 1914 4508 alimento
1945 4432 1989 4508 et

440 4661 482 4740 (¹)
506 4653 717 4740 Privileginm
735 4654 810 4733 hoc,
825 4677 843 4719 e
858 4655 970 4720 tabula
987 4655 1020 4721 in
1035 4587 1170 4722 archivo
1196 4653 1287 4720 urbis
1312 4619 1405 4722 Birra
1419 4665 1601 4732 asservato,
1617 4619 1792 4752 descripsit
1819 4655 1985 4748 losephus

338 4741 550 4832 hepkowski.
572 4741 658 4808 Urbs
676 4738 752 4804 olim
767 4739 934 4821 territorii,
950 4763 1036 4806 nnnc
1054 4742 1167 4807 circuli
1183 4748 1293 4826 caput,
1309 4737 1405 4806 hodie
1421 4741 1453 4805 in
1468 4735 1608 4806 Gallicis
1623 4739 1796 4806 invenitur.

444 4829 481 4911 (²)
503 4827 557 4896 Ad
572 4824 743 4892 ecclesiam
759 4825 854 4892 villae
870 4825 1080 4912 parochialis,
1096 4828 1230 4894 Liaaza
1245 4823 1362 4902 dictae,
1375 4825 1515 4911 pertinet
1529 4823 1605 4890 villa
1622 4825 1712 4892 Kralr
1734 4829 1852 4910 (noto).
