<?xml version="1.0" encoding="UTF-8"?>
<!DOCTYPE html PUBLIC "-//W3C//DTD XHTML 1.0 Transitional//EN"
    "http://www.w3.org/TR/xhtml1/DTD/xhtml1-transitional.dtd">
<html xmlns="http://www.w3.org/1999/xhtml" xml:lang="en" lang="en">
 <head>
  <title>
</title>
<meta http-equiv="Content-Type" content="text/html;charset=utf-8" />
  <meta name='ocr-system' content='tesseract 3.04.00' />
  <meta name='ocr-capabilities' content='ocr_page ocr_carea ocr_par ocr_line ocrx_word'/>
</head>
<body>
  <div class='ocr_page' id='page_1' title='image "./codexdiplomatic00bartgoog_0367.png"; bbox 0 0 4822 5924; ppageno 0'>
   <div class='ocr_carea' id='block_1_1' title="bbox 992 675 1271 754">
    <p class='ocr_par' dir='ltr' id='par_1_1' title="bbox 992 675 1271 754">
     <span class='ocr_line' id='line_1_1' title="bbox 992 675 1271 754; baseline 0 -20"><span class='ocrx_word' id='word_1_1' title='bbox 992 675 1271 754; x_wconf 64' lang='grc'>...333-</span> 
     </span>
    </p>
   </div>
   <div class='ocr_carea' id='block_1_2' title="bbox 304 872 2058 1594">
    <p class='ocr_par' dir='ltr' id='par_1_2' title="bbox 304 872 2058 1594">
     <span class='ocr_line' id='line_1_2' title="bbox 304 872 1964 992; baseline -0.004 -19"><span class='ocrx_word' id='word_1_2' title='bbox 304 875 476 972; x_wconf 85' lang='lat' dir='ltr'>Polonie</span> <span class='ocrx_word' id='word_1_3' title='bbox 511 909 588 992; x_wconf 90' lang='lat' dir='ltr'>pro</span> <span class='ocrx_word' id='word_1_4' title='bbox 626 872 894 964; x_wconf 78' lang='lat' dir='ltr'>defensandis</span> <span class='ocrx_word' id='word_1_5' title='bbox 928 879 1087 990; x_wconf 88' lang='lat' dir='ltr'>iniurijs</span> <span class='ocrx_word' id='word_1_6' title='bbox 1110 889 1153 962; x_wconf 88' lang='lat' dir='ltr'>et</span> <span class='ocrx_word' id='word_1_7' title='bbox 1171 879 1388 988; x_wconf 88' lang='lat' dir='ltr'>violenoijs</span> <span class='ocrx_word' id='word_1_8' title='bbox 1422 878 1555 991; x_wconf 90' lang='lat' dir='ltr'>ipsius</span> <span class='ocrx_word' id='word_1_9' title='bbox 1591 880 1789 966; x_wconf 86' lang='lat' dir='ltr'>videlicet</span> <span class='ocrx_word' id='word_1_10' title='bbox 1823 879 1964 992; x_wconf 85' lang='lat' dir='ltr'>Regni</span> 
     </span>
     <span class='ocr_line' id='line_1_3' title="bbox 306 997 2058 1116; baseline -0.002 -26"><span class='ocrx_word' id='word_1_11' title='bbox 306 1005 520 1116; x_wconf 81' lang='lat' dir='ltr'>publicam</span> <span class='ocrx_word' id='word_1_12' title='bbox 542 1009 584 1084; x_wconf 88' lang='lat' dir='ltr'>et</span> <span class='ocrx_word' id='word_1_13' title='bbox 605 1005 811 1086; x_wconf 89' lang='lat' dir='ltr'>notoriam</span> <span class='ocrx_word' id='word_1_14' title='bbox 847 1026 1054 1111; x_wconf 86' lang='lat' dir='ltr'>gwerram</span> <span class='ocrx_word' id='word_1_15' title='bbox 1088 999 1156 1083; x_wconf 90' lang='lat' dir='ltr'>vel</span> <span class='ocrx_word' id='word_1_16' title='bbox 1190 998 1505 1110; x_wconf 81' lang='lat' dir='ltr'>expedicionem</span> <span class='ocrx_word' id='word_1_17' title='bbox 1547 997 1724 1104; x_wconf 88' lang='lat' dir='ltr'>habere,</span> <span class='ocrx_word' id='word_1_18' title='bbox 1760 1003 1828 1087; x_wconf 91' lang='lat' dir='ltr'>vel</span> <span class='ocrx_word' id='word_1_19' title='bbox 1861 1005 1963 1088; x_wconf 89' lang='lat' dir='ltr'>inire</span> <span class='ocrx_word' id='word_1_20' title='bbox 2054 999 2058 1012; x_wconf 79' lang='grc'><strong>”</strong></span> 
     </span>
     <span class='ocr_line' id='line_1_4' title="bbox 307 1113 1964 1235; baseline 0 -27"><span class='ocrx_word' id='word_1_21' title='bbox 307 1123 554 1235; x_wconf 82' lang='lat' dir='ltr'>contigerit,</span> <span class='ocrx_word' id='word_1_22' title='bbox 577 1119 681 1203; x_wconf 91' lang='lat' dir='ltr'>etin</span> <span class='ocrx_word' id='word_1_23' title='bbox 704 1119 880 1222; x_wconf 88' lang='lat' dir='ltr'>eisdem,</span> <span class='ocrx_word' id='word_1_24' title='bbox 904 1119 1020 1230; x_wconf 91' lang='lat' dir='ltr'>quod</span> <span class='ocrx_word' id='word_1_25' title='bbox 1041 1113 1174 1222; x_wconf 90' lang='lat' dir='ltr'>absit,</span> <span class='ocrx_word' id='word_1_26' title='bbox 1195 1147 1271 1229; x_wconf 88' lang='lat' dir='ltr'>per</span> <span class='ocrx_word' id='word_1_27' title='bbox 1294 1119 1556 1228; x_wconf 84' lang='lat' dir='ltr'>adversarios</span> <span class='ocrx_word' id='word_1_28' title='bbox 1579 1145 1654 1201; x_wconf 91' lang='lat' dir='ltr'>seu</span> <span class='ocrx_word' id='word_1_29' title='bbox 1675 1118 1834 1204; x_wconf 84' lang='lat' dir='ltr'>emulos</span> <span class='ocrx_word' id='word_1_30' title='bbox 1856 1150 1964 1232; x_wconf 92' lang='lat' dir='ltr'>quos</span> 
     </span>
     <span class='ocr_line' id='line_1_5' title="bbox 306 1236 1963 1354; baseline 0.001 -28"><span class='ocrx_word' id='word_1_31' title='bbox 306 1273 403 1326; x_wconf 91' lang='lat' dir='ltr'>cum</span> <span class='ocrx_word' id='word_1_32' title='bbox 425 1271 509 1354; x_wconf 91' lang='lat' dir='ltr'>que</span> <span class='ocrx_word' id='word_1_33' title='bbox 530 1241 668 1350; x_wconf 88' lang='lat' dir='ltr'>ipsum</span> <span class='ocrx_word' id='word_1_34' title='bbox 687 1238 757 1321; x_wconf 89' lang='lat' dir='ltr'>vel</span> <span class='ocrx_word' id='word_1_35' title='bbox 780 1239 943 1349; x_wconf 85' lang='lat' dir='ltr'>aliquos</span> <span class='ocrx_word' id='word_1_36' title='bbox 965 1266 1017 1322; x_wconf 88' lang='lat' dir='ltr'>ex</span> <span class='ocrx_word' id='word_1_37' title='bbox 1037 1239 1124 1320; x_wconf 90' lang='lat' dir='ltr'>suis</span> <span class='ocrx_word' id='word_1_38' title='bbox 1145 1236 1383 1321; x_wconf 88' lang='lat' dir='ltr'>hominibus</span> <span class='ocrx_word' id='word_1_39' title='bbox 1421 1263 1529 1348; x_wconf 89' lang='lat' dir='ltr'>quos</span> <span class='ocrx_word' id='word_1_40' title='bbox 1561 1263 1704 1320; x_wconf 89' lang='lat' dir='ltr'>secum</span> <span class='ocrx_word' id='word_1_41' title='bbox 1737 1239 1877 1344; x_wconf 86' lang='lat' dir='ltr'>duxit,</span> <span class='ocrx_word' id='word_1_42' title='bbox 1908 1245 1963 1327; x_wconf 91' lang='lat' dir='ltr'>ad</span> 
     </span>
     <span class='ocr_line' id='line_1_6' title="bbox 306 1357 1962 1471; baseline -0.002 -25"><span class='ocrx_word' id='word_1_43' title='bbox 306 1363 432 1446; x_wconf 91' lang='lat' dir='ltr'>talem</span> <span class='ocrx_word' id='word_1_44' title='bbox 454 1387 658 1471; x_wconf 85' lang='lat' dir='ltr'>gwerram</span> <span class='ocrx_word' id='word_1_45' title='bbox 676 1357 746 1442; x_wconf 83' lang='lat' dir='ltr'>vel</span> <span class='ocrx_word' id='word_1_46' title='bbox 767 1357 1082 1468; x_wconf 80' lang='lat' dir='ltr'>expedicionem</span> <span class='ocrx_word' id='word_1_47' title='bbox 1116 1358 1400 1464; x_wconf 89' lang='lat' dir='ltr'>recipiendos,</span> <span class='ocrx_word' id='word_1_48' title='bbox 1436 1357 1660 1465; x_wconf 72' lang='lat' dir='ltr'>captivari,</span> <span class='ocrx_word' id='word_1_49' title='bbox 1703 1359 1882 1442; x_wconf 91' lang='lat' dir='ltr'>eundem</span> <span class='ocrx_word' id='word_1_50' title='bbox 1919 1370 1962 1443; x_wconf 90' lang='lat' dir='ltr'>et</span> 
     </span>
     <span class='ocr_line' id='line_1_7' title="bbox 307 1475 1962 1594; baseline -0.001 -30"><span class='ocrx_word' id='word_1_51' title='bbox 307 1507 415 1594; x_wconf 90' lang='lat' dir='ltr'>quos</span> <span class='ocrx_word' id='word_1_52' title='bbox 452 1507 634 1591; x_wconf 92' lang='lat' dir='ltr'>cumque</span> <span class='ocrx_word' id='word_1_53' title='bbox 664 1503 784 1580; x_wconf 87' lang='lat' dir='ltr'>suos,</span> <span class='ocrx_word' id='word_1_54' title='bbox 814 1477 1095 1590; x_wconf 81' lang='lat' dir='ltr'>promittimus</span> <span class='ocrx_word' id='word_1_55' title='bbox 1126 1475 1240 1561; x_wconf 91' lang='lat' dir='ltr'>bona</span> <span class='ocrx_word' id='word_1_56' title='bbox 1270 1476 1373 1579; x_wconf 90' lang='lat' dir='ltr'>fide,</span> <span class='ocrx_word' id='word_1_57' title='bbox 1403 1475 1534 1560; x_wconf 85' lang='lat' dir='ltr'>verbo</span> <span class='ocrx_word' id='word_1_58' title='bbox 1565 1486 1707 1560; x_wconf 88' lang='lat' dir='ltr'>nostre</span> <span class='ocrx_word' id='word_1_59' title='bbox 1729 1479 1962 1562; x_wconf 85' lang='lat' dir='ltr'>maiestatis</span> 
     </span>
    </p>
   </div>
   <div class='ocr_carea' id='block_1_3' title="bbox 258 1593 2001 3856">
    <p class='ocr_par' dir='ltr' id='par_1_3' title="bbox 305 1593 1969 3018">
     <span class='ocr_line' id='line_1_8' title="bbox 308 1593 1962 1706; baseline -0.001 -23"><span class='ocrx_word' id='word_1_60' title='bbox 308 1625 520 1702; x_wconf 86' lang='lat' dir='ltr'>exemere,</span> <span class='ocrx_word' id='word_1_61' title='bbox 565 1595 798 1701; x_wconf 86' lang='lat' dir='ltr'>exsolvere,</span> <span class='ocrx_word' id='word_1_62' title='bbox 835 1593 1198 1706; x_wconf 83' lang='lat' dir='ltr'>effectualiterque</span> <span class='ocrx_word' id='word_1_63' title='bbox 1229 1593 1427 1698; x_wconf 86' lang='lat' dir='ltr'>liberare,</span> <span class='ocrx_word' id='word_1_64' title='bbox 1451 1597 1502 1678; x_wconf 92' lang='lat' dir='ltr'>de</span> <span class='ocrx_word' id='word_1_65' title='bbox 1527 1597 1718 1702; x_wconf 80' lang='lat' dir='ltr'>dampnis</span> <span class='ocrx_word' id='word_1_66' title='bbox 1753 1595 1962 1681; x_wconf 85' lang='lat' dir='ltr'>similiter-</span> 
     </span>
     <span class='ocr_line' id='line_1_9' title="bbox 309 1710 1963 1832; baseline 0.001 -32"><span class='ocrx_word' id='word_1_67' title='bbox 309 1747 392 1832; x_wconf 91' lang='lat' dir='ltr'>que</span> <span class='ocrx_word' id='word_1_68' title='bbox 412 1719 455 1800; x_wconf 93' lang='lat' dir='ltr'>in</span> <span class='ocrx_word' id='word_1_69' title='bbox 479 1719 599 1828; x_wconf 89' lang='lat' dir='ltr'>equis</span> <span class='ocrx_word' id='word_1_70' title='bbox 619 1717 664 1797; x_wconf 91' lang='lat' dir='ltr'>in</span> <span class='ocrx_word' id='word_1_71' title='bbox 681 1710 757 1798; x_wconf 90' lang='lat' dir='ltr'>tali</span> <span class='ocrx_word' id='word_1_72' title='bbox 777 1714 1050 1824; x_wconf 85' lang='lat' dir='ltr'>expedicione</span> <span class='ocrx_word' id='word_1_73' title='bbox 1071 1715 1138 1798; x_wconf 88' lang='lat' dir='ltr'>vel</span> <span class='ocrx_word' id='word_1_74' title='bbox 1159 1742 1320 1826; x_wconf 86' lang='lat' dir='ltr'>gwerra</span> <span class='ocrx_word' id='word_1_75' title='bbox 1348 1713 1527 1824; x_wconf 89' lang='lat' dir='ltr'>publicis</span> <span class='ocrx_word' id='word_1_76' title='bbox 1558 1723 1606 1797; x_wconf 84' lang='lat' dir='ltr'>ut</span> <span class='ocrx_word' id='word_1_77' title='bbox 1624 1711 1832 1822; x_wconf 84' lang='lat' dir='ltr'>prefertur</span> <span class='ocrx_word' id='word_1_78' title='bbox 1852 1719 1963 1800; x_wconf 84' lang='lat' dir='ltr'>occi-</span> 
     </span>
     <span class='ocr_line' id='line_1_10' title="bbox 305 1831 1963 1943; baseline 0.001 -24"><span class='ocrx_word' id='word_1_79' title='bbox 305 1839 376 1940; x_wconf 85' lang='lat' dir='ltr'>sis,</span> <span class='ocrx_word' id='word_1_80' title='bbox 398 1833 648 1938; x_wconf 87' lang='lat' dir='ltr'>interfectis,</span> <span class='ocrx_word' id='word_1_81' title='bbox 685 1846 761 1917; x_wconf 87' lang='lat' dir='ltr'>aut</span> <span class='ocrx_word' id='word_1_82' title='bbox 795 1863 872 1943; x_wconf 94' lang='lat' dir='ltr'>per</span> <span class='ocrx_word' id='word_1_83' title='bbox 908 1831 1044 1917; x_wconf 89' lang='lat' dir='ltr'>dictos</span> <span class='ocrx_word' id='word_1_84' title='bbox 1081 1833 1344 1918; x_wconf 87' lang='lat' dir='ltr'>adversarios</span> <span class='ocrx_word' id='word_1_85' title='bbox 1366 1835 1407 1918; x_wconf 89' lang='lat' dir='ltr'>vi</span> <span class='ocrx_word' id='word_1_86' title='bbox 1428 1835 1611 1942; x_wconf 84' lang='lat' dir='ltr'>receptis</span> <span class='ocrx_word' id='word_1_87' title='bbox 1632 1837 1722 1942; x_wconf 87' lang='lat' dir='ltr'>ipse</span> <span class='ocrx_word' id='word_1_88' title='bbox 1744 1831 1963 1920; x_wconf 81' lang='lat' dir='ltr'>Johannes</span> 
     </span>
     <span class='ocr_line' id='line_1_11' title="bbox 307 1950 1968 2066; baseline -0.002 -22"><span class='ocrx_word' id='word_1_89' title='bbox 307 1957 375 2044; x_wconf 86' lang='lat' dir='ltr'>vel</span> <span class='ocrx_word' id='word_1_90' title='bbox 396 1958 461 2040; x_wconf 84' lang='lat' dir='ltr'>sui</span> <span class='ocrx_word' id='word_1_91' title='bbox 481 1956 670 2041; x_wconf 88' lang='lat' dir='ltr'>homines</span> <span class='ocrx_word' id='word_1_92' title='bbox 694 1954 926 2063; x_wconf 83' lang='lat' dir='ltr'>supradicti</span> <span class='ocrx_word' id='word_1_93' title='bbox 946 1955 1136 2066; x_wconf 88' lang='lat' dir='ltr'>perpessi</span> <span class='ocrx_word' id='word_1_94' title='bbox 1155 1950 1343 2056; x_wconf 87' lang='lat' dir='ltr'>suerunt,</span> <span class='ocrx_word' id='word_1_95' title='bbox 1375 1955 1634 2064; x_wconf 86' lang='lat' dir='ltr'>spondemus</span> <span class='ocrx_word' id='word_1_96' title='bbox 1657 1951 1901 2040; x_wconf 86' lang='lat' dir='ltr'>satisfacere</span> <span class='ocrx_word' id='word_1_97' title='bbox 1925 1969 1968 2040; x_wconf 90' lang='lat' dir='ltr'>et</span> 
     </span>
     <span class='ocr_line' id='line_1_12' title="bbox 307 2071 1966 2188; baseline 0.001 -30"><span class='ocrx_word' id='word_1_98' title='bbox 307 2076 538 2188; x_wconf 87' lang='lat' dir='ltr'>rependere</span> <span class='ocrx_word' id='word_1_99' title='bbox 561 2103 658 2156; x_wconf 91' lang='lat' dir='ltr'>cum</span> <span class='ocrx_word' id='word_1_100' title='bbox 679 2071 849 2156; x_wconf 85' lang='lat' dir='ltr'>effectu.</span> <span class='ocrx_word' id='word_1_101' title='bbox 880 2073 1034 2180; x_wconf 90' lang='lat' dir='ltr'>Itaque</span> <span class='ocrx_word' id='word_1_102' title='bbox 1057 2074 1173 2180; x_wconf 88' lang='lat' dir='ltr'>quod</span> <span class='ocrx_word' id='word_1_103' title='bbox 1195 2073 1398 2180; x_wconf 86' lang='lat' dir='ltr'>captivati</span> <span class='ocrx_word' id='word_1_104' title='bbox 1417 2101 1494 2184; x_wconf 89' lang='lat' dir='ltr'>per</span> <span class='ocrx_word' id='word_1_105' title='bbox 1514 2073 1595 2156; x_wconf 91' lang='lat' dir='ltr'>iam</span> <span class='ocrx_word' id='word_1_106' title='bbox 1619 2071 1778 2156; x_wconf 89' lang='lat' dir='ltr'>dictum</span> <span class='ocrx_word' id='word_1_107' title='bbox 1801 2072 1966 2166; x_wconf 78' lang='lat' dir='ltr'>dohan-</span> 
     </span>
     <span class='ocr_line' id='line_1_13' title="bbox 309 2189 1968 2308; baseline 0.003 -32"><span class='ocrx_word' id='word_1_108' title='bbox 309 2225 425 2298; x_wconf 93' lang='lat' dir='ltr'>nem,</span> <span class='ocrx_word' id='word_1_109' title='bbox 447 2203 522 2284; x_wconf 90' lang='lat' dir='ltr'>aut</span> <span class='ocrx_word' id='word_1_110' title='bbox 542 2219 640 2276; x_wconf 88' lang='lat' dir='ltr'>suos</span> <span class='ocrx_word' id='word_1_111' title='bbox 668 2189 878 2296; x_wconf 89' lang='lat' dir='ltr'>homines,</span> <span class='ocrx_word' id='word_1_112' title='bbox 899 2191 944 2272; x_wconf 93' lang='lat' dir='ltr'>in</span> <span class='ocrx_word' id='word_1_113' title='bbox 965 2191 1079 2274; x_wconf 87' lang='lat' dir='ltr'>dicta</span> <span class='ocrx_word' id='word_1_114' title='bbox 1110 2219 1271 2302; x_wconf 83' lang='lat' dir='ltr'>gwerra</span> <span class='ocrx_word' id='word_1_115' title='bbox 1291 2191 1359 2276; x_wconf 91' lang='lat' dir='ltr'>vel</span> <span class='ocrx_word' id='word_1_116' title='bbox 1379 2191 1671 2308; x_wconf 85' lang='lat' dir='ltr'>expedicione,</span> <span class='ocrx_word' id='word_1_117' title='bbox 1696 2218 1746 2276; x_wconf 86' lang='lat' dir='ltr'>ex</span> <span class='ocrx_word' id='word_1_118' title='bbox 1767 2191 1968 2281; x_wconf 83' lang='lat' dir='ltr'>adversa·</span> 
     </span>
     <span class='ocr_line' id='line_1_14' title="bbox 305 2307 1967 2427; baseline 0 -29"><span class='ocrx_word' id='word_1_119' title='bbox 305 2312 380 2424; x_wconf 85' lang='lat' dir='ltr'>rijs</span> <span class='ocrx_word' id='word_1_120' title='bbox 402 2342 478 2396; x_wconf 87' lang='lat' dir='ltr'>seu</span> <span class='ocrx_word' id='word_1_121' title='bbox 501 2311 646 2396; x_wconf 88' lang='lat' dir='ltr'>emulis</span> <span class='ocrx_word' id='word_1_122' title='bbox 669 2309 894 2422; x_wconf 87' lang='lat' dir='ltr'>sepedictis</span> <span class='ocrx_word' id='word_1_123' title='bbox 915 2337 991 2420; x_wconf 89' lang='lat' dir='ltr'>pro</span> <span class='ocrx_word' id='word_1_124' title='bbox 1014 2309 1135 2394; x_wconf 91' lang='lat' dir='ltr'>nobis</span> <span class='ocrx_word' id='word_1_125' title='bbox 1173 2311 1371 2394; x_wconf 83' lang='lat' dir='ltr'>omnibus·</span> <span class='ocrx_word' id='word_1_126' title='bbox 1388 2311 1523 2396; x_wconf 89' lang='lat' dir='ltr'>modis</span> <span class='ocrx_word' id='word_1_127' title='bbox 1546 2307 1731 2402; x_wconf 85' lang='lat' dir='ltr'>debeant</span> <span class='ocrx_word' id='word_1_128' title='bbox 1749 2316 1967 2427; x_wconf 69' lang='lat' dir='ltr'>reservari,</span> 
     </span>
     <span class='ocr_line' id='line_1_15' title="bbox 310 2422 1969 2538; baseline 0 -22"><span class='ocrx_word' id='word_1_129' title='bbox 310 2431 384 2517; x_wconf 92' lang='lat' dir='ltr'>Illo</span> <span class='ocrx_word' id='word_1_130' title='bbox 406 2431 553 2517; x_wconf 87' lang='lat' dir='ltr'>eciam.</span> <span class='ocrx_word' id='word_1_131' title='bbox 575 2429 818 2516; x_wconf 87' lang='lat' dir='ltr'>notabiliter</span> <span class='ocrx_word' id='word_1_132' title='bbox 838 2429 1007 2512; x_wconf 88' lang='lat' dir='ltr'>adiecto</span> <span class='ocrx_word' id='word_1_133' title='bbox 1030 2428 1144 2538; x_wconf 92' lang='lat' dir='ltr'>quod</span> <span class='ocrx_word' id='word_1_134' title='bbox 1165 2429 1275 2512; x_wconf 88' lang='lat' dir='ltr'>idem</span> <span class='ocrx_word' id='word_1_135' title='bbox 1288 2422 1508 2514; x_wconf 62' lang='lat' dir='ltr'>«lohannes</span> <span class='ocrx_word' id='word_1_136' title='bbox 1531 2438 1574 2512; x_wconf 86' lang='lat' dir='ltr'>et</span> <span class='ocrx_word' id='word_1_137' title='bbox 1596 2431 1662 2514; x_wconf 90' lang='lat' dir='ltr'>sui</span> <span class='ocrx_word' id='word_1_138' title='bbox 1682 2429 1872 2514; x_wconf 88' lang='lat' dir='ltr'>homines</span> <span class='ocrx_word' id='word_1_139' title='bbox 1894 2461 1969 2516; x_wconf 89' lang='lat' dir='ltr'>ne·</span> 
     </span>
     <span class='ocr_line' id='line_1_16' title="bbox 310 2547 1969 2662; baseline 0.002 -28"><span class='ocrx_word' id='word_1_140' title='bbox 310 2553 410 2634; x_wconf 88' lang='lat' dir='ltr'>mini</span> <span class='ocrx_word' id='word_1_141' title='bbox 431 2551 598 2662; x_wconf 87' lang='lat' dir='ltr'>penitus</span> <span class='ocrx_word' id='word_1_142' title='bbox 621 2579 829 2662; x_wconf 80' lang='lat' dir='ltr'>guerram</span> <span class='ocrx_word' id='word_1_143' title='bbox 848 2576 1017 2633; x_wconf 90' lang='lat' dir='ltr'>movere</span> <span class='ocrx_word' id='word_1_144' title='bbox 1040 2547 1242 2653; x_wconf 87' lang='lat' dir='ltr'>debeant,</span> <span class='ocrx_word' id='word_1_145' title='bbox 1269 2576 1346 2630; x_wconf 91' lang='lat' dir='ltr'>nec</span> <span class='ocrx_word' id='word_1_146' title='bbox 1369 2551 1500 2660; x_wconf 91' lang='lat' dir='ltr'>ipsius</span> <span class='ocrx_word' id='word_1_147' title='bbox 1521 2547 1761 2640; x_wconf 76' lang='lat' dir='ltr'>causatore</span> <span class='ocrx_word' id='word_1_148' title='bbox 1782 2577 1860 2632; x_wconf 92' lang='lat' dir='ltr'>seu</span> <span class='ocrx_word' id='word_1_149' title='bbox 1879 2580 1969 2638; x_wconf 86' lang='lat' dir='ltr'>mo-</span> 
     </span>
     <span class='ocr_line' id='line_1_17' title="bbox 308 2667 1969 2780; baseline -0.002 -22"><span class='ocrx_word' id='word_1_150' title='bbox 308 2681 435 2758; x_wconf 84' lang='lat' dir='ltr'>tores.</span> <span class='ocrx_word' id='word_1_151' title='bbox 476 2669 641 2752; x_wconf 87' lang='lat' dir='ltr'>Harum</span> <span class='ocrx_word' id='word_1_152' title='bbox 663 2668 819 2778; x_wconf 88' lang='lat' dir='ltr'>quibus</span> <span class='ocrx_word' id='word_1_153' title='bbox 842 2667 1025 2780; x_wconf 87' lang='lat' dir='ltr'>sigillum</span> <span class='ocrx_word' id='word_1_154' title='bbox 1045 2676 1236 2752; x_wconf 88' lang='lat' dir='ltr'>nostrum</span> <span class='ocrx_word' id='word_1_155' title='bbox 1259 2678 1324 2750; x_wconf 89' lang='lat' dir='ltr'>cst</span> <span class='ocrx_word' id='word_1_156' title='bbox 1344 2696 1577 2780; x_wconf 87' lang='lat' dir='ltr'>appensum</span> <span class='ocrx_word' id='word_1_157' title='bbox 1598 2669 1836 2753; x_wconf 88' lang='lat' dir='ltr'>testimonio</span> <span class='ocrx_word' id='word_1_158' title='bbox 1857 2671 1969 2754; x_wconf 84' lang='lat' dir='ltr'>litte-</span> 
     </span>
     <span class='ocr_line' id='line_1_18' title="bbox 308 2785 1966 2898; baseline 0.003 -26"><span class='ocrx_word' id='word_1_159' title='bbox 308 2817 463 2873; x_wconf 87' lang='lat' dir='ltr'>rarum.</span> <span class='ocrx_word' id='word_1_160' title='bbox 495 2789 651 2887; x_wconf 83' lang='lat' dir='ltr'>Actum</span> <span class='ocrx_word' id='word_1_161' title='bbox 674 2797 716 2869; x_wconf 86' lang='lat' dir='ltr'>et</span> <span class='ocrx_word' id='word_1_162' title='bbox 738 2789 882 2870; x_wconf 87' lang='lat' dir='ltr'>datum</span> <span class='ocrx_word' id='word_1_163' title='bbox 903 2787 947 2868; x_wconf 92' lang='lat' dir='ltr'>in</span> <span class='ocrx_word' id='word_1_164' title='bbox 967 2785 1099 2898; x_wconf 75' lang='lat' dir='ltr'>Beycz</span> <span class='ocrx_word' id='word_1_165' title='bbox 1120 2785 1232 2870; x_wconf 43' lang='lat' dir='ltr'>feria*</span> <span class='ocrx_word' id='word_1_166' title='bbox 1245 2799 1398 2896; x_wconf 87' lang='lat' dir='ltr'>quarta</span> <span class='ocrx_word' id='word_1_167' title='bbox 1418 2797 1515 2898; x_wconf 87' lang='lat' dir='ltr'>post</span> <span class='ocrx_word' id='word_1_168' title='bbox 1536 2787 1645 2870; x_wconf 91' lang='lat' dir='ltr'>diem</span> <span class='ocrx_word' id='word_1_169' title='bbox 1669 2788 1966 2877; x_wconf 78' lang='lat' dir='ltr'>Conversionis</span> 
     </span>
     <span class='ocr_line' id='line_1_19' title="bbox 311 2903 1869 3018; baseline -0.001 -24"><span class='ocrx_word' id='word_1_170' title='bbox 311 2907 436 2994; x_wconf 90' lang='lat' dir='ltr'>Beati</span> <span class='ocrx_word' id='word_1_171' title='bbox 456 2907 577 2992; x_wconf 90' lang='lat' dir='ltr'>Pauli</span> <span class='ocrx_word' id='word_1_172' title='bbox 597 2907 790 3018; x_wconf 84' lang='lat' dir='ltr'>Apostoli</span> <span class='ocrx_word' id='word_1_173' title='bbox 811 2904 933 2990; x_wconf 90' lang='lat' dir='ltr'>Anno</span> <span class='ocrx_word' id='word_1_174' title='bbox 954 2903 1125 2990; x_wconf 92' lang='lat' dir='ltr'>Domini</span> <span class='ocrx_word' id='word_1_175' title='bbox 1145 2907 1361 2991; x_wconf 86' lang='lat' dir='ltr'>millesimo</span> <span class='ocrx_word' id='word_1_176' title='bbox 1385 2905 1535 2994; x_wconf 71' lang='lat' dir='ltr'>CCCmo</span> <span class='ocrx_word' id='word_1_177' title='bbox 1554 2903 1716 2992; x_wconf 77' lang='lat' dir='ltr'>LXXmo</span> <span class='ocrx_word' id='word_1_178' title='bbox 1737 2921 1869 2996; x_wconf 88' lang='lat' dir='ltr'>sexto.</span> 
     </span>
    </p>

    <p class='ocr_par' dir='ltr' id='par_1_4' title="bbox 258 3023 2001 3856">
     <span class='ocr_line' id='line_1_20' title="bbox 258 3023 1970 3136; baseline 0.001 -24"><span class='ocrx_word' id='word_1_179' title='bbox 258 3095 263 3112; x_wconf 91' lang='lat'><em>.</em></span> <span class='ocrx_word' id='word_1_180' title='bbox 321 3119 324 3124; x_wconf 58' lang='grc'><em>,</em></span> <span class='ocrx_word' id='word_1_181' title='bbox 417 3029 543 3111; x_wconf 82' lang='grc'><strong>1384.</strong></span> <span class='ocrx_word' id='word_1_182' title='bbox 595 3027 683 3112; x_wconf 89' lang='lat' dir='ltr'>Nos</span> <span class='ocrx_word' id='word_1_183' title='bbox 714 3028 861 3136; x_wconf 89' lang='lat' dir='ltr'>itaque</span> <span class='ocrx_word' id='word_1_184' title='bbox 891 3023 1045 3136; x_wconf 85' lang='lat' dir='ltr'>prefati</span> <span class='ocrx_word' id='word_1_185' title='bbox 1078 3027 1234 3110; x_wconf 91' lang='lat' dir='ltr'>domini</span> <span class='ocrx_word' id='word_1_186' title='bbox 1264 3023 1472 3110; x_wconf 72' lang='lat' dir='ltr'>lobannis</span> <span class='ocrx_word' id='word_1_187' title='bbox 1496 3024 1726 3111; x_wconf 84' lang='lat' dir='ltr'>Castellani</span> <span class='ocrx_word' id='word_1_188' title='bbox 1748 3029 1970 3116; x_wconf 77' lang='lat' dir='ltr'>sandomi-</span> 
     </span>
     <span class='ocr_line' id='line_1_21' title="bbox 309 3143 2001 3256; baseline -0.001 -24"><span class='ocrx_word' id='word_1_189' title='bbox 309 3144 456 3232; x_wconf 86' lang='lat' dir='ltr'>riensia</span> <span class='ocrx_word' id='word_1_190' title='bbox 491 3147 613 3230; x_wconf 88' lang='lat' dir='ltr'>iustis</span> <span class='ocrx_word' id='word_1_191' title='bbox 650 3143 931 3256; x_wconf 88' lang='lat' dir='ltr'>peticionibus</span> <span class='ocrx_word' id='word_1_192' title='bbox 969 3145 1165 3228; x_wconf 86' lang='lat' dir='ltr'>acclinati</span> <span class='ocrx_word' id='word_1_193' title='bbox 1199 3146 1476 3256; x_wconf 88' lang='lat' dir='ltr'>prescriptam</span> <span class='ocrx_word' id='word_1_194' title='bbox 1512 3147 1692 3230; x_wconf 86' lang='lat' dir='ltr'>litteram</span> <span class='ocrx_word' id='word_1_195' title='bbox 1712 3147 1755 3228; x_wconf 91' lang='lat' dir='ltr'>in</span> <span class='ocrx_word' id='word_1_196' title='bbox 1776 3147 2001 3232; x_wconf 80' lang='lat' dir='ltr'>omnibus¹</span> 
     </span>
     <span class='ocr_line' id='line_1_22' title="bbox 310 3263 1970 3376; baseline 0.001 -28"><span class='ocrx_word' id='word_1_197' title='bbox 310 3269 395 3348; x_wconf 88' lang='lat' dir='ltr'>suis</span> <span class='ocrx_word' id='word_1_198' title='bbox 417 3267 597 3373; x_wconf 85' lang='lat' dir='ltr'>punctis,</span> <span class='ocrx_word' id='word_1_199' title='bbox 620 3266 840 3368; x_wconf 69' lang='lat' dir='ltr'>clausulis,</span> <span class='ocrx_word' id='word_1_200' title='bbox 875 3264 1059 3346; x_wconf 84' lang='lat' dir='ltr'>articulis</span> <span class='ocrx_word' id='word_1_201' title='bbox 1082 3274 1125 3346; x_wconf 89' lang='lat' dir='ltr'>et</span> <span class='ocrx_word' id='word_1_202' title='bbox 1144 3263 1367 3373; x_wconf 89' lang='lat' dir='ltr'>sentenoijs</span> <span class='ocrx_word' id='word_1_203' title='bbox 1389 3274 1525 3348; x_wconf 87' lang='lat' dir='ltr'>ratam</span> <span class='ocrx_word' id='word_1_204' title='bbox 1549 3273 1590 3346; x_wconf 90' lang='lat' dir='ltr'>et</span> <span class='ocrx_word' id='word_1_205' title='bbox 1610 3274 1776 3376; x_wconf 80' lang='lat' dir='ltr'>gratam</span> <span class='ocrx_word' id='word_1_206' title='bbox 1806 3267 1970 3352; x_wconf 85' lang='lat' dir='ltr'>haben·</span> 
     </span>
     <span class='ocr_line' id='line_1_23' title="bbox 310 3381 1970 3496; baseline 0.004 -32"><span class='ocrx_word' id='word_1_207' title='bbox 310 3393 396 3488; x_wconf 87' lang='lat' dir='ltr'>tes,</span> <span class='ocrx_word' id='word_1_208' title='bbox 436 3381 573 3491; x_wconf 89' lang='lat' dir='ltr'>ipsam</span> <span class='ocrx_word' id='word_1_209' title='bbox 594 3381 901 3496; x_wconf 87' lang='lat' dir='ltr'>approbamus,</span> <span class='ocrx_word' id='word_1_210' title='bbox 931 3383 1210 3488; x_wconf 88' lang='lat' dir='ltr'>ratificamus,</span> <span class='ocrx_word' id='word_1_211' title='bbox 1236 3395 1279 3466; x_wconf 93' lang='lat' dir='ltr'>et</span> <span class='ocrx_word' id='word_1_212' title='bbox 1297 3395 1443 3468; x_wconf 88' lang='lat' dir='ltr'>tenore</span> <span class='ocrx_word' id='word_1_213' title='bbox 1462 3386 1726 3496; x_wconf 88' lang='lat' dir='ltr'>presencium</span> <span class='ocrx_word' id='word_1_214' title='bbox 1748 3385 1970 3470; x_wconf 88' lang='lat' dir='ltr'>confirma·</span> 
     </span>
     <span class='ocr_line' id='line_1_24' title="bbox 311 3501 1970 3610; baseline -0.001 -23"><span class='ocrx_word' id='word_1_215' title='bbox 311 3529 425 3605; x_wconf 90' lang='lat' dir='ltr'>mus,</span> <span class='ocrx_word' id='word_1_216' title='bbox 450 3501 723 3584; x_wconf 89' lang='lat' dir='ltr'>decernentes</span> <span class='ocrx_word' id='word_1_217' title='bbox 744 3501 1033 3610; x_wconf 88' lang='lat' dir='ltr'>supradictam</span> <span class='ocrx_word' id='word_1_218' title='bbox 1053 3502 1251 3608; x_wconf 90' lang='lat' dir='ltr'>litteram,</span> <span class='ocrx_word' id='word_1_219' title='bbox 1271 3505 1315 3584; x_wconf 89' lang='lat' dir='ltr'>in</span> <span class='ocrx_word' id='word_1_220' title='bbox 1337 3504 1494 3588; x_wconf 90' lang='lat' dir='ltr'>eisdem</span> <span class='ocrx_word' id='word_1_221' title='bbox 1516 3508 1601 3588; x_wconf 89' lang='lat' dir='ltr'>suis</span> <span class='ocrx_word' id='word_1_222' title='bbox 1623 3505 1810 3610; x_wconf 89' lang='lat' dir='ltr'>punctis,</span> <span class='ocrx_word' id='word_1_223' title='bbox 1852 3503 1970 3586; x_wconf 84' lang='lat' dir='ltr'>clau·</span> 
     </span>
     <span class='ocr_line' id='line_1_25' title="bbox 311 3617 1969 3732; baseline 0.002 -28"><span class='ocrx_word' id='word_1_224' title='bbox 311 3621 411 3704; x_wconf 90' lang='lat' dir='ltr'>sulis</span> <span class='ocrx_word' id='word_1_225' title='bbox 430 3621 715 3732; x_wconf 88' lang='lat' dir='ltr'>etsentencijs</span> <span class='ocrx_word' id='word_1_226' title='bbox 753 3617 1021 3724; x_wconf 91' lang='lat' dir='ltr'>omnimodis,</span> <span class='ocrx_word' id='word_1_227' title='bbox 1056 3621 1246 3732; x_wconf 85' lang='lat' dir='ltr'>vigorem</span> <span class='ocrx_word' id='word_1_228' title='bbox 1284 3621 1517 3706; x_wconf 88' lang='lat' dir='ltr'>efficaciam</span> <span class='ocrx_word' id='word_1_229' title='bbox 1554 3625 1753 3731; x_wconf 88' lang='lat' dir='ltr'>optinere.</span> <span class='ocrx_word' id='word_1_230' title='bbox 1805 3621 1969 3708; x_wconf 89' lang='lat' dir='ltr'>Harum</span> 
     </span>
     <span class='ocr_line' id='line_1_26' title="bbox 312 3737 1967 3856; baseline 0.002 -34"><span class='ocrx_word' id='word_1_231' title='bbox 312 3739 467 3852; x_wconf 82' lang='lat' dir='ltr'>qmbus</span> <span class='ocrx_word' id='word_1_232' title='bbox 504 3737 689 3850; x_wconf 82' lang='lat' dir='ltr'>sigillum</span> <span class='ocrx_word' id='word_1_233' title='bbox 724 3747 914 3824; x_wconf 89' lang='lat' dir='ltr'>nostrum</span> <span class='ocrx_word' id='word_1_234' title='bbox 945 3767 1178 3850; x_wconf 89' lang='lat' dir='ltr'>appensum</span> <span class='ocrx_word' id='word_1_235' title='bbox 1203 3751 1267 3822; x_wconf 87' lang='lat' dir='ltr'>est</span> <span class='ocrx_word' id='word_1_236' title='bbox 1286 3743 1524 3824; x_wconf 90' lang='lat' dir='ltr'>testimonio</span> <span class='ocrx_word' id='word_1_237' title='bbox 1545 3741 1774 3856; x_wconf 71' lang='lat' dir='ltr'>litterarum</span> <span class='ocrx_word' id='word_1_238' title='bbox 1809 3739 1967 3826; x_wconf 83' lang='lat' dir='ltr'>Datum</span> 
     </span>
    </p>
   </div>
   <div class='ocr_carea' id='block_1_4' title="bbox 313 3853 1968 4090">
    <p class='ocr_par' dir='ltr' id='par_1_5' title="bbox 313 3853 1968 4090">
     <span class='ocr_line' id='line_1_27' title="bbox 315 3853 1968 3970; baseline 0.003 -30"><span class='ocrx_word' id='word_1_239' title='bbox 315 3858 500 3942; x_wconf 82' lang='lat' dir='ltr'>Crococie</span> <span class='ocrx_word' id='word_1_240' title='bbox 521 3859 565 3940; x_wconf 78' lang='lat' dir='ltr'>iri</span> <span class='ocrx_word' id='word_1_241' title='bbox 586 3859 767 3942; x_wconf 88' lang='lat' dir='ltr'>crastino</span> <span class='ocrx_word' id='word_1_242' title='bbox 791 3853 986 3966; x_wconf 84' lang='lat' dir='ltr'>Symonis</span> <span class='ocrx_word' id='word_1_243' title='bbox 1010 3866 1052 3940; x_wconf 90' lang='lat' dir='ltr'>et</span> <span class='ocrx_word' id='word_1_244' title='bbox 1072 3855 1206 3964; x_wconf 77' lang='lat' dir='ltr'>dude,</span> <span class='ocrx_word' id='word_1_245' title='bbox 1222 3857 1521 3970; x_wconf 85' lang='lat' dir='ltr'>Apostolorum</span> <span class='ocrx_word' id='word_1_246' title='bbox 1549 3857 1792 3943; x_wconf 84' lang='lat' dir='ltr'>Beatorum.</span> <span class='ocrx_word' id='word_1_247' title='bbox 1844 3861 1968 3945; x_wconf 90' lang='lat' dir='ltr'>Anno</span> 
     </span>
     <span class='ocr_line' id='line_1_28' title="bbox 313 3974 1301 4090; baseline 0.003 -32"><span class='ocrx_word' id='word_1_248' title='bbox 313 3977 468 4062; x_wconf 91' lang='lat' dir='ltr'>domini</span> <span class='ocrx_word' id='word_1_249' title='bbox 503 3977 719 4062; x_wconf 90' lang='lat' dir='ltr'>millesimo</span> <span class='ocrx_word' id='word_1_250' title='bbox 744 3974 894 4062; x_wconf 72' lang='lat' dir='ltr'>OOC²⁰</span> <span class='ocrx_word' id='word_1_251' title='bbox 914 3975 1121 4060; x_wconf 70' lang='lat' dir='ltr'>LXXX&#39;lo</span> <span class='ocrx_word' id='word_1_252' title='bbox 1137 3989 1301 4090; x_wconf 79' lang='lat' dir='ltr'>quarto</span> 
     </span>
    </p>
   </div>
   <div class='ocr_carea' id='block_1_5' title="bbox 313 4235 1970 4411">
    <p class='ocr_par' dir='ltr' id='par_1_6' title="bbox 313 4235 1970 4411">
     <span class='ocr_line' id='line_1_29' title="bbox 313 4235 1970 4324; baseline 0.004 -26"><span class='ocrx_word' id='word_1_253' title='bbox 313 4235 466 4321; x_wconf 81' lang='lat' dir='ltr'>praefuit,</span> <span class='ocrx_word' id='word_1_254' title='bbox 484 4235 541 4301; x_wconf 90' lang='lat' dir='ltr'>sed</span> <span class='ocrx_word' id='word_1_255' title='bbox 553 4239 620 4322; x_wconf 87' lang='lat' dir='ltr'>jam</span> <span class='ocrx_word' id='word_1_256' title='bbox 633 4237 812 4304; x_wconf 85' lang='lat' dir='ltr'>Februario</span> <span class='ocrx_word' id='word_1_257' title='bbox 831 4239 908 4304; x_wconf 77' lang='lat'><strong>¹387</strong></span> <span class='ocrx_word' id='word_1_258' title='bbox 930 4248 1085 4322; x_wconf 88' lang='lat' dir='ltr'>tanquam</span> <span class='ocrx_word' id='word_1_259' title='bbox 1114 4237 1310 4305; x_wconf 85' lang='lat' dir='ltr'>castellanus</span> <span class='ocrx_word' id='word_1_260' title='bbox 1341 4235 1614 4306; x_wconf 85' lang='lat' dir='ltr'>Sandomiriensis</span> <span class='ocrx_word' id='word_1_261' title='bbox 1642 4237 1763 4324; x_wconf 81' lang='lat' dir='ltr'>legitur</span> <span class='ocrx_word' id='word_1_262' title='bbox 1790 4240 1824 4306; x_wconf 91' lang='lat' dir='ltr'>in</span> <span class='ocrx_word' id='word_1_263' title='bbox 1852 4237 1970 4304; x_wconf 80' lang='lat' dir='ltr'>tabulis</span> 
     </span>
     <span class='ocr_line' id='line_1_30' title="bbox 315 4319 1968 4411; baseline 0.002 -28"><span class='ocrx_word' id='word_1_264' title='bbox 315 4319 514 4408; x_wconf 68' lang='lat' dir='ltr'>(Zubrzycki</span> <span class='ocrx_word' id='word_1_265' title='bbox 539 4321 714 4399; x_wconf 87' lang='lat' dir='ltr'>„Kronilra</span> <span class='ocrx_word' id='word_1_266' title='bbox 728 4323 879 4390; x_wconf 81' lang='lat' dir='ltr'>Lwowa”</span> <span class='ocrx_word' id='word_1_267' title='bbox 905 4347 981 4411; x_wconf 81' lang='lat' dir='ltr'>pag.</span> <span class='ocrx_word' id='word_1_268' title='bbox 995 4327 1060 4404; x_wconf 70' lang='lat'>57).</span> <span class='ocrx_word' id='word_1_269' title='bbox 1091 4325 1166 4390; x_wconf 90' lang='lat' dir='ltr'>Hoc</span> <span class='ocrx_word' id='word_1_270' title='bbox 1182 4333 1331 4410; x_wconf 88' lang='lat' dir='ltr'>tempore</span> <span class='ocrx_word' id='word_1_271' title='bbox 1346 4333 1435 4389; x_wconf 85' lang='lat' dir='ltr'>certe</span> <span class='ocrx_word' id='word_1_272' title='bbox 1451 4333 1484 4388; x_wconf 88' lang='lat' dir='ltr'>et</span> <span class='ocrx_word' id='word_1_273' title='bbox 1499 4325 1643 4391; x_wconf 79' lang='lat' dir='ltr'>loannes</span> <span class='ocrx_word' id='word_1_274' title='bbox 1659 4324 1698 4388; x_wconf 91' lang='lat' dir='ltr'>de</span> <span class='ocrx_word' id='word_1_275' title='bbox 1713 4323 1866 4403; x_wconf 82' lang='lat' dir='ltr'>Tarndw,</span> <span class='ocrx_word' id='word_1_276' title='bbox 1878 4343 1968 4388; x_wconf 85' lang='lat' dir='ltr'>rnor-</span> 
     </span>
    </p>
   </div>
   <div class='ocr_carea' id='block_1_6' title="bbox 312 4403 1967 4552">
    <p class='ocr_par' dir='ltr' id='par_1_7' title="bbox 312 4403 1967 4552">
     <span class='ocr_line' id='line_1_31' title="bbox 312 4403 1967 4552; baseline 0.004 -84"><span class='ocrx_word' id='word_1_277' title='bbox 312 4414 454 4552; x_wconf 52' lang='lat' dir='ltr'>pffimt</span> <span class='ocrx_word' id='word_1_278' title='bbox 469 4407 655 4489; x_wconf 47' lang='lat' dir='ltr'>liment).</span> <span class='ocrx_word' id='word_1_279' title='bbox 679 4403 775 4476; x_wconf 77' lang='lat' dir='ltr'>Cous.</span> <span class='ocrx_word' id='word_1_280' title='bbox 790 4407 825 4473; x_wconf 91' lang='lat' dir='ltr'>in</span> <span class='ocrx_word' id='word_1_281' title='bbox 839 4407 952 4478; x_wconf 82' lang='lat' dir='ltr'>Caroli</span> <span class='ocrx_word' id='word_1_282' title='bbox 967 4407 1150 4496; x_wconf 83' lang='lat' dir='ltr'>Szajnooha</span> <span class='ocrx_word' id='word_1_283' title='bbox 1165 4431 1263 4498; x_wconf 89' lang='lat' dir='ltr'>opere</span> <span class='ocrx_word' id='word_1_284' title='bbox 1278 4408 1299 4476; x_wconf 87' lang='lat' dir='ltr'>l.</span> <span class='ocrx_word' id='word_1_285' title='bbox 1315 4429 1345 4475; x_wconf 88' lang='lat' dir='ltr'>c.</span> <span class='ocrx_word' id='word_1_286' title='bbox 1361 4409 1400 4476; x_wconf 84' lang='grc' dir='ltr'>Τ.</span> <span class='ocrx_word' id='word_1_287' title='bbox 1411 4409 1454 4487; x_wconf 89' lang='grc' dir='ltr'>Η,</span> <span class='ocrx_word' id='word_1_288' title='bbox 1469 4431 1546 4496; x_wconf 82' lang='lat' dir='ltr'>pag.</span> <span class='ocrx_word' id='word_1_289' title='bbox 1564 4411 1623 4476; x_wconf 85' lang='grc'>189</span> <span class='ocrx_word' id='word_1_290' title='bbox 1638 4409 1880 4474; x_wconf 84' lang='lat' dir='ltr'>annotationem</span> <span class='ocrx_word' id='word_1_291' title='bbox 1899 4418 1967 4474; x_wconf 85' lang='lat' dir='ltr'>ter·</span> 
     </span>
    </p>
   </div>
   <div class='ocr_carea' id='block_1_7' title="bbox 0 0 2431 5924">
    <p class='ocr_par' dir='ltr' id='par_1_8' title="bbox 0 0 2431 5924">
     <span class='ocr_line' id='line_1_32' title="bbox 0 0 2431 5924; baseline 0 0"><span class='ocrx_word' id='word_1_292' title='bbox 0 0 2431 5924; x_wconf 95' lang='lat' dir='ltr'> </span> 
     </span>
    </p>
   </div>
  </div>
 </body>
</html>
