4890 5924
1120 717 1294 814 ···.2⁰⁰
1347 755 1399 772 -
1503 799 1506 806 .

417 925 647 1008 munimine
669 917 909 1034 Sigillorum
931 927 975 1000 et
995 921 1140 1030 scripti
1161 895 1414 1030 testimonye
1434 917 1705 1023 roborentur3
1738 919 1876 1028 igitur
1896 926 2090 1008 noverint

414 1051 663 1154 praesentes
685 1052 729 1124 et
748 1037 878 1121 futuri
898 1065 1100 1146 praesens
1123 1041 1328 1148 scriptum
1350 1035 1600 1147 inspecturi,
1637 1034 1764 1137 Quod
1786 1039 1876 1122 Noe
1897 1039 2089 1126 doannee
2224 1109 2232 1118 .

416 1161 574 1246 Divina
603 1159 870 1242 miseratione
903 1153 1054 1238 Abbae
1084 1156 1331 1268 Monestery
1362 1156 1617 1264 Tyneieneis
1639 1153 1811 1240 Ordinis
1833 1154 1984 1242 Sancti
1999 1157 2105 1274 Be-⁴

413 1269 572 1363 nedicti
612 1285 819 1387 totusque
862 1274 1110 1359 Conventus
1147 1275 1344 1359 Fratrum
1375 1273 1618 1382 Mona'etery
1653 1275 1842 1357 eiusdem
1865 1278 2088 1386 cupientes

412 1397 529 1480 bona
549 1394 797 1501 Monaetery
818 1391 951 1474 nostri
971 1391 1184 1502 ampliare,
1207 1390 1475 1479 vendidimus
1503 1391 1686 1479 Provide
1707 1389 1808 1476 Viro
1830 1391 2027 1496 Thomae
2048 1403 2093 1479 et

413 1515 709 1622 sororiipsius
741 1511 998 1596 Oatherinae
1030 1511 1153 1594 Natis
1190 1510 1349 1596 declini
1367 1537 1443 1620 pro
1466 1518 1651 1618 quatuor
1671 1512 1823 1593 marcis
1845 1537 2089 1622 grossorum
2200 1593 2207 1598 .

412 1631 694 1742 Progensium
727 1627 886 1716 usualis
917 1638 1114 1714 monetae
1145 1630 1445 1740 extirpation'ee
1466 1627 1716 1712 ediscentes
1737 1629 2088 1742 villaeantiquee
2237 1733 2259 1744 Η

365 1833 374 1844 ,
416 1749 557 1834 dictae
574 1739 723 1848 Baelo,
748 1773 861 1858 quae
882 1748 1182 1856 extirpationes
1204 1750 1459 1856 incipientur
1480 1747 1725 1850 aPaseonis
1747 1747 2025 1856 extirpatione
2047 1759 2091 1846 et

412 1859 650 1976 procedent
679 1866 896 1976 usquead
919 1865 1095 1947 densam
1126 1867 1311 1968 silvam,
1330 1867 1439 1946 inter
1471 1891 1580 1975 quas
1612 1865 1914 1973 extirpationee
1950 1865 2089 1974 dic'tm

415 1984 607 2070 Thomas
644 1984 858 2094 Sororque
889 1983 1021 2090 ipsius
1055 1981 1286 2068 Catherina
1314 2011 1445 2066 unum
1478 2011 1673 2066 mansum
1696 1985 1833 2090 usque
1854 1983 1913 2065 'ad
1934 1983 2088 2136 viginti

414 2127 547 2188 annos
583 2102 714 2186 libere
751 2102 1053 2208 possidebunt,
1090 2102 1245 2208 elapsis
1267 2125 1367 2186 vero
1390 2101 1546 2211 viginti
1568 2101 1709 2204 annis,
1751 2101 2004 2185 solutionem
2036 2103 2088 2188 de
2194 2119 2198 2127 '

412 2221 505 2328 ipso
537 2218 696 2303 facient
724 2231 774 2301 ut
805 2220 858 2300 de
889 2219 1041 2300 ceteris
1073 2221 1251 2324 mensis,
1282 2219 1350 2303 vel
1382 2219 1500 2302 alteri
1533 2219 1590 2300 ad
1621 2219 1873 2304 solutionem
1892 2219 2089 2304 'vendere

411 2336 681 2420 tenebuntur.
745 2335 910 2418 Damus
944 2339 1068 2430 etiam
1103 2339 1227 2419 dictis
1259 2333 1455 2422 Thomae
1479 2333 1672 2419 Sculteto
1697 2335 1925 2446 Soror-ique
1956 2338 2088 2444 ipsius

413 2465 457 2538 et
487 2469 632 2539 eorum·
659 2453 860 2564 legitimis
882 2452 1223 2538 ·Successoribus
1243 2457 1309 2538 ad
1346 2454 1576 2538 locandum
1597 2453 1757 2536 ibidem
1790 2452 1949 2538 Silvam
1981 2453 2088 2539 dure

366 2607 369 2614 ⁴
412 2569 776 2681 Maydeburgensi
795 2572 837 2654 in
858 2572 993 2655 tribus
1016 2571 1199 2674 RivuliS,
1221 2573 1422 2655 videlicet
1443 2571 1620 2669 Liroocz,
1655 2569 1865 2652 Liwoczlca
1887 2579 1929 2653 et
1951 2567 2087 2654 Cluve-

415 2713 579 2796 azcayna
597 2719 686 2772 una
706 2717 805 2772 cum
826 2689 941 2800 agris
979 2692 1196 2800 extirpatis
1229 2687 1552 2802 Quinquaginta
1583 2688 1756 2772 Menses
1786 2687 2087 2774 Franeonicos.

415 2806 598 2892 Ratione
634 2835 734 2891 vero
770 2807 995 2890 locationis
1031 2811 1276 2913 praedictae
1315 2807 1476 2910 Silvae,
1522 2809 1615 2914 ipse
1638 2806 1844 2890 ,Thomas
1883 2815 1926 2890 et
1963 2805 2131 2914 Soror,

341 2939 344 2950 '
411 2926 546 3032 ipsius
585 2925 816 3010 Catherina
849 2934 891 3007 et
922 2927 1108 3032 ipsorum
1139 2928 1316 3036 legitimi
1354 2925 1675 3010 Successores'...
1714 2924 1885 3009 Maneos
1920 2924 2087 3030 liberos,

413 3043 519 3125 duas
556 3041 800 3143 Tabernae,
837 3043 1014 3128 Macella
1048 3047 1255 3148 carnium,
1288 3073 1478 3126 mensam
1511 3067 1670 3154 penum
1704 3061 1748 3124 et
1772 3041 1971 3126 Sutorum
2003 3043 2086 3128 Fa·
2235 3101 2240 3108 ·

272 3253 276 3264 ¹
412 3159 537 3264 brile,
567 3159 839 3262 Molendina,
858 3162 1319 3288 piscinas,·quotquot
1349 3173 1594 3246 construere
1626 3161 1781 3270 poterit
1812 3159 1977 3271 absque
2008 3165 2086 3246 im-

413 3278 658 3388 pedimento
689 3280 950 3382 Incolaru'm,
981 3279 1114 3360 libere
1149 3277 1446 3388 possidebunt,
1478 3279 1548 3362 ille
1580 3278 1789 3362 duntaxat
1817 3279 1984 3388 piscina
2015 3309 2087 3364 ex·

413 3407 560 3504 cepta,
593 3423 722 3505 quem
753 3397 960 3481 Dominus
982 3395 1139 3480 Abbas'
1154 3426 1230 3507 pro
1252 3390 1433 3480 utilitate
1455 3399 1604 3482 domus
1624 3399 1882 3506 reservavit;
1913 3398 2084 3486 Incolae

411 3524 556 3606 autem
579 3515 654 3627 qui
674 3517 778 3599 inibi
807 3516 935 3598 locati
965 3513 1141 3618 fuerint,
1160 3544 1199 3616 a
1220 3525 1410 3625 tempore
1445 3515 1666 3602 locationis
1702 3543 1842 3623 super·
1871 3517 2088 3628 extirpatis

358 3731 362 3740 Ι
412 3634 527 3743 agris
549 3661 624 3716 sex
644 3635 785 3737 annis,
807 3642 850 3716 et
869 3661 997 3742 super
1017 3633 1141 3732 silva,
1173 3637 1326 3748 viginti
1358 3635 1478 3716 annis
1502 3633 1756 3744 gaudebunt
1774 3633 1991 3740 libertate,
2014 3666 2086 3722 ex·

410 3751 551 3860 pirata
581 3760 724 3840 autem
754 3753 950 3836 libertate
973 3754 1025 3835 de
1047 3752 1239 3863 quolibet
1268 3781 1417 3836 manso
1448 3761 1691 3836 mensurato
1712 3751 1845 3838 Nobis
1870 3761 1913 3834 et
1932 3757 2085 3840 nostris

411 3867 743 3954 Successoribus
794 3873 959 3956 Novem
1002 3869 1156 3955 Scotos
1200 3899 1444 3981 grossorum
1484 3879 1681 3956 monetae
1722 3860 1967 3976 praedictae
2007 3899 2084 3981 pro

415 3987 581 4087 Oensu,
604 3996 647 4067 et
667 4012 741 4069 sex
761 4017 837 4097 pro
861 3989 1034 4070 decimis
1067 3987 1240 4072 Rectori
1271 3987 1495 4072 Ecclesiae
1527 3983 1704 4098 singulis
1737 3987 1857 4068 annis
1887 3987 1933 4070 in
1952 3987 2084 4077 Festo
2118 4001 2122 4010 '

412 4104 539 4201 Beati
570 4104 741 4188 Martini
771 4107 933 4193 'solvere
966 4105 1235 4208 tenebuntur,
1274 4107 1488 4190 Scultetus
1512 4117 1655 4190 autem
1676 4113 1843 4188 sextum
1866 4105 2087 4194 denarium

414 4221 669 4309 Oeneualem
701 4251 777 4332 pro
800 4250 846 4306 se
866 4221 1120 4325 reservabit,
1152 4225 1275 4304 nobis
1308 4225 1497 4336 quinque
1518 4223 1830 4334 praesentatis,
1853 4233 1896 4306 et
1913 4223 2087 4311 tertium

396 4335 632 4426 *denarium
656 4343 707 4424 de
730 4341 902 4426 dudicio
923 4343 1261 4450 provenientem,
1294 4341 1399 4456 Tria
1429 4343 1607 4450 prandia
1638 4343 1789 4454 quovis
1813 4367 1922 4424 anno
1946 4356 1990 4425 et
2008 4374 2085 4453 pro

335 4551 338 4559 ,
416 4461 805 4570 quolibetprandio
827 4489 905 4546 sex
925 4468 1088 4560 scotos,
1111 4460 1357 4570 dequibus:
1376 4459 1566 4571 prandys
1588 4462 1686 4568 ,ipse
1718 4458 1927 4545 scultetus
1956 4489 2086 4546 unum

413 4575 640 4682 fertonem,
663 4587 706 4662 et
726 4581 890 4686 incolae
923 4581 1029 4664 duos
1059 4578 1245 4662 fertones
1276 4579 1400 4664 nobie
1431 4577 1686 4688 persolvent.
1747 4577 1927 4689 Insuper
1958 4580 2086 4664 etiam

414 4694 557 4780 omnia
578 4699 659 4780 alia
681 4708 723 4780 et
743 4699 913 4809 singula
928 4707 1016 4780 tam
1034 4695 1278 4805 saepefatus
1301 4693 1491 4780 Thomas
1510 4694 1727 4779 Scultetus
1744 4705 1788 4776 et
1803 4693 1931 4781 Soror
1951 4699 2084 4807 ipsius

414 4813 648 4899 Catherina
671 4825 713 4897 et
733 4843 877 4900 eorum
897 4817 1076 4927 legitimi
1099 4813 1391 4917 successores,
1414 4841 1543 4926 quam
1565 4811 1827 4911 Omcthones
1847 4815 1935 4897 sint
1950 4815 2085 4900 Nobis
