4856 5932
1135 707 1407 786 -392-

440 918 543 1031 rurr'j
561 941 637 1029 per
652 941 801 998 manus
823 911 1044 1002 Guillermi
1062 912 1256 1024 Magistri
1275 911 1483 998 scolarum
1503 911 1794 998 Parmensium
1831 911 1988 1000 Sancte
2008 913 2096 1002 Ro·

442 1066 567 1179 mane
589 1033 766 1176 ecclesis
786 1030 1119 1172 ricecencsllarij
1142 1031 1226 1190 Xy
1245 1033 1460 1189 Kaldndas
1484 1031 1582 1173 Maij
1597 1029 1842 1120 ‘Indictione
1863 1032 1928 1119 XI
1949 1034 2095 1174 lucar-

442 1183 637 1385 3213ng
655 1149 1329 1385 dbddlllbearlinddnbpdgoibldfm
1352 1150 1716 1268 (⁹).Pont1ficatus
1733 1177 1833 1238 vero
1852 1153 2007 1240 domm
2027 1154 2098 1238 In-

544 1397 670 1480 1428.
702 1394 790 1478 Nos
811 1394 942 1507 igitur
966 1392 1161 1480 nolentes
1197 1393 1450 1504 precipitare
1483 1391 1528 1472 in
1562 1391 1650 1475 hoc·
1676 1390 1789 1477 facto
1810 1419 1865 1476 ne
1885 1417 1961 1504 per
1981 1401 2098 1476 tran·
2238 1376 2242 1400 ¹

438 1524 655 1626 sumptum
675 1513 917 1598 huiusmodi
938 1523 1128 1600 nostrum
1164 1513 1291 1598 alicui
1323 1511 1546 1603 videamur
1579 1511 1856 1621 preiudicium
1893 1541 2097 1626 generare

439 1649 482 1720 et
501 1635 585 1745 hijs
606 1633 825 1746 presertim
849 1658 1026 1741 quorum
1047 1631 1209 1716 iuribus
1230 1631 1421 1744 predicta
1439 1630 1687 1716 libertatum
1709 1629 1868 1716 eisdem
1884 1631 2097 1718 sororibus

440 1764 483 1840 et
501 1759 692 1866 ipsorum
713 1750 812 1867 (sic)
835 1751 1090 1836 Monasterio
1110 1755 1328 1853 concessio
1347 1751 1392 1834 in
1414 1749 1555 1862 aliquo
1578 1751 1807 1866 derogaret
1837 1751 2000 1836 litteras
2020 1777 2097 1838 no·

364 1895 366 1901 ’
439 1887 548 1960 atras
570 1875 783 1959 citatorias
806 1879 953 1957 corba
968 1897 1114 1958 omnes
1137 1880 1180 1953 et
1200 1870 1472 1984 singulariter
1493 1869 1697 1981 singulos,
1715 1871 1788 1982 qui
1803 1899 1882 1955 sua
1897 1879 2097 1982 putarent

438 1999 641 2080 interesse
662 1992 731 2076 uel
751 2015 928 2103 quorum
950 1989 982 2074 J
983 1989 1128 2074 unibus
1150 1991 1436 2102 transumpcio
1456 1988 1689 2075 litterarum
1725 1992 1956 2076 earundem
1976 1988 2108 2076 vide-'

436 2123 562 2218 retur,
584 2112 850 2225 promisimus
886 2107 1138 2195 Mandantes
1167 2121 1215 2193 ut
1246 2137 1387 2195 coram
1424 2107 1546 2194 nobis
1570 2109 1639 2193 die
1659 2121 1702 2194 et
1721 2112 1815 2197 loco
1838 2113 1963 2193 certis
1986 2137 2095 2223 quos

438 2237 539 2346 ipris
559 2243 607 2316 et
628 2258 773 2316 eorum
794 2228 969 2313 cuilibet
998 2257 1070 2340 pro
1099 2231 1277 2314 termino
1296 2229 1542 2340 profiximus
1579 2231 1837 2341 competenti
1873 2257 2095 2340 compare·

439 2363 534 2438 rent
551 2351 609 2438 ad
628 2349 858 2436 videndum
880 2358 924 2430 et
944 2349 1201 2432 audiendum
1223 2349 1395 2434 easdem
1424 2348 1586 2432 litteras
1618 2349 1871 2460 apostolicas
1892 2350 2098 2432 transumi

439 2473 594 2559 debere
615 2497 713 2556 cum
734 2469 1006 2580 apposicione
1028 2469 1185 2552 decret
1156 2479 1188 2552 tr
1216 2472 1348 2554 nostri
1369 2469 1439 2552 uel
1460 2493 1535 2550 cur
1557 2475 1600 2550 et
1620 2495 1751 2580 qnare
1785 2470 1988 2552 transumi
2009 2494 2096 2552 non

440 2593 646 2678 deberent
680 2616 834 2673 causas
869 2586 1149 2672 racionabiles
1187 2587 1459 2716 allegandum
1480 2585 1530 2670 In
1552 2612 1638 2696 quo
1660 2589 1833 2698 quidem
1853 2589 2031 2673 termino
2056 2598 2099 2670 et

442 2741 492 2798 eo
514 2712 711 2797 veniente
731 2689 926 2794 Instante
955 2716 998 2789 et
1016 2717 1188 2817 petente
1224 2689 1391 2819 prefata
1426 2707 1699 2818 Margaretha
1732 2705 1968 2793 Abbatissa
2003 2735 2100 2790 cum

442 2833 670 2927 Conuentu
703 2829 895 2938 predicto
931 2827 1143 2940 Nullaque
1180 2827 1495 2914 contradicente
1532 2853 1584 2910 er
1623 2827 1804 2914 aduerso
1841 2825 2097 2912 Memoratas

440 2953 598 3037 litteras
620 2958 744 3062 apost
726 2947 873 3033 tolicas
896 2946 1158 3031 decreuimus
1193 2947 1518 3032 transumendas
1551 2957 1594 3029 et
1619 2949 1791 3034 easdem
1815 2947 1867 3030 de
1888 2945 2019 3032 verbo
2042 2947 2098 3030 ad

442 3069 618 3157 verbum
634 3068 694 3152 nil
716 3067 914 3151 addendo
949 3066 1018 3150 uel
1037 3068 1264 3152 minuendo
1301 3067 1419 3178 quod
1447 3065 1551 3150 facti
1570 3077 1756 3152 mutaret
1790 3063 1997 3177 syllabam
2024 3065 2101 3148 uel

443 3191 699 3286 intellectum
720 3185 954 3299 aliqualiter
975 3187 1157 3270 variaret
1177 3189 1529 3297 transumpsimus
1551 3195 1595 3270 et
1613 3190 1911 3272 transumimus
1927 3209 2101 3296 presen-

299 3355 304 3368 ·
444 3311 557 3394 tibus
579 3308 744 3419 scriptis
766 3307 921 3391 nostris
957 3304 1008 3388 In
1045 3331 1224 3414 quorum
1258 3306 1390 3390 fidem
1420 3316 1464 3389 et
1481 3307 1769 3392 testimonium
1807 3307 2104 3417 premissorum

446 3429 638 3542 Sigillum
659 3435 850 3514 nostrum
868 3433 1042 3563 present
1024 3423 1137 3508 tibus
1159 3437 1225 3510 est
1244 3453 1479 3536 appensum
1485 3425 1656 3510 Actum
1677 3436 1723 3510 et
1743 3428 1889 3510 datum
1913 3421 2102 3506 Crcooare

443 3548 548 3634 seria
567 3547 759 3631 secunda
778 3545 967 3654 proxima
986 3554 1086 3655 post
1106 3545 1358 3631 dominicam
1377 3545 1761 3656 Ramispalmarum
1798 3546 1923 3630 Anno
1946 3543 2101 3628 domini

441 3669 659 3755 Millesimo
682 3664 1161 3778 quadringentesimo
1122 3668 1324 3752 vrcesimo
1362 3675 1517 3751 octauo
1552 3664 1825 3751 Presentibus
1844 3646 2102 3750 'venerabili-

439 3790 588 3876 buset
570 3783 923 3870 thonorabilibus
945 3787 1043 3870 viris
1067 3784 1244 3870 dominis
1272 3785 1447 3871 Nicolao
1475 3783 1699 3896 Presserat
1727 3783 1947 3894 Proposito
1978 3781 2098 3866 Tho·

442 3935 515 3992 ma
547 3902 786 4013 Ctroberslcy
822 3905 1088 3990 decretorum
1110 3904 1285 3991 doctore
1314 3905 1612 3998 Oracouiensis
1633 3903 1872 4016 Nynogneo
1889 3903 1941 3986 de
1958 3899 2103 3985 Dotra

443 4023 733 4114 Lanciciensis
753 4023 1041 4109 Ecclesiarum
1078 4021 1306 4110 Oanonicis
1343 4035 1385 4108 et
1368 4023 1589 4108 tNicolao
1629 4019 1972 4133 Czulyczalryt
1897 4021 1972 4105 Alt
1974 4021 2104 4104 arista

445 4151 486 4232 in
506 4142 798 4232 Ecclesiat
723 4141 798 4224 kat
801 4142 958 4225 hedrali
980 4151 1126 4225 nostra
1147 4142 1422 4227 Oracouiensi
1455 4140 1767 4252 Nobilibusque
1801 4141 1979 4227 Nicolao
2016 4139 2105 4222 Ba-

447 4261 693 4380 dayrsoroslry
730 4269 831 4344 tuno
866 4259 1072 4346 Morsaleo
1111 4268 1154 4342 et
1181 4261 1309 4345 Petro
1333 4261 1386 4344 de
1406 4259 1613 4344 Borrinow
1636 4259 1931 4372 Subpincerna
1950 4261 2104 4344 nostris

451 4380 813 4498 Episcopalibust
795 4377 1034 4464 testibus
998 4407 1112 4464 cuca
1132 4381 1340 4490 premissa
1358 4378 1556 4466 fidelibus
1577 4379 1817 4493 fidedignis.

559 4622 583 4700 (⁹
585 4625 596 4702 l
620 4619 740 4708 Vulgo,
757 4617 807 4684 die
825 4619 864 4682 ll
881 4616 1000 4684 mensis
1015 4614 1138 4704 aprilis,
1154 4617 1237 4684 1253
1253 4637 1349 4683 anno.
