4930 5922
1133 681 1388 758 ...ιι-

430 885 488 968 Vt
509 884 677 970 Christo
715 883 855 964 dicate
893 878 1027 963 Sanct
1028 878 1243 962 imoniales
1277 873 1463 963 Ordinis
1471 842 1621 963 Sancti
1641 875 1876 962 Benedicti.
1926 879 2092 964 Domus

429 1012 561 1114 atque
597 999 773 1106 OenobiJ‘
820 997 887 1080 De
932 993 1166 1100 διαιιαιιιιιι,
1218 997 1513 1112 Oracouiensis
1553 997 1762 1108 Dyocesis
1803 995 1963 1080 ibidem
1997 996 2092 1082 Deo

428 1119 688 1204 commodius
730 1115 996 1198 famulentur.
1048 1059 1301 1196 Vniuer’sii
1271 1120 1330 1196 et
1343 1113 1526 1224 singulis
1547 1113 1655 1196 uillis
1676 1113 1869 1196 eiusdem
1902 1112 2092 1222 OcnobiJ’²

426 1237 538 1319 hanc
560 1243 701 1318 nostre
724 1232 859 1345 gretie
883 1232 1032 1319 damus
1052 1231 1350 1369 inperpetuum
1383 1231 1636 1338 libertatem
1658 1240 1706 1314 vt
1726 1257 1872 1314 omnes
1893 1230 2030 1315 incole
2051 1143 2095 1314 ei

426 1351 732 1436 inhabitatores
768 1349 1015 1440 suillarum
983 1376 1074 1430 srue
1097 1375 1242 1432 omnes
1264 1378 1338 1462 qur
1326 1327 1447 1431 ‘’ad
1436 1375 1595 1460 1psum
1612 1345 1835 1431 cenobium
1865 1350 2091 1484 pertinent

142 1479 146 1486 '
292 1483 299 1494 “
427 1468 483 1555 ab
505 1471 718 1559 cumbas
736 1465 1028 1556 exactionibus
1061 1475 1105 1550 et
1124 1467 1413 1554 solucionibus
1449 1467 1534 1556 sint
1567 1453 1691 1552 liberi
1710 1474 1773 1550 et
1765 1465 1972 1574 exempti.
2017 1467 2121 1556 Im·

344 1615 347 1622 ¹
427 1614 550 1691 saue,
585 1587 702 1698 quod
738 1593 881 1696 neque
914 1585 1208 1696 stannoque
1242 1610 1579 1694 pessummque
1603 1583 2092 1688 Strosomsolnant‚hoc

427 1706 586 1787 addito.
609 1705 727 1816 quod
747 1731 827 1784 nee
849 1729 994 1786 coram
1016 1701 1253 1784 castellanis
1273 1729 1353 1784 nee
1377 1729 1519 1785 coram
1539 1701 1735 1809 palatinis
1758 1700 1989 1811 aliquibus,
2009 1728 2089 1783 nee

426 1849 569 1906 coram
604 1819 815 1904 iudicibus
858 1825 1002 1904 eorum
1024 1829 1099 1902 aut
1119 1821 1295 1904 aliorum
1317 1841 1682 1942 quorumcumque
1702 1818 1988 1930 respondeant
2015 1846 2092 1900 ne·

383 2041 386 2048 ,
426 1964 531 2057 que
528 1937 567 2020 ci
568 1937 647 2020 tati
662 1946 950 2048 compareant.
983 1934 1071 2018 sed
1087 1945 1252 2022 tantum
1273 1935 1339 2016 litt
1322 1945 1413 2018 tera
1434 1933 1570 2045 sigillo
1592 1945 1736 2021 nostro
1759 1935 2000 2045 sigillatam
2002 1937 2091 2038 tati,

317 2133 322 2140 .
426 2082 568 2152 coram
590 2055 712 2142 nobis
732 2039 1033 2137 iudicabuntur
1055 2051 1107 2135 de
1130 2080 1403 2164 quacumque
1426 2049 1572 2166 Causa
1592 2051 1745 2136 fuerint
1728 2061 1924 2136 teuocat
1918 2051 1951 2162 j.
1906 2051 2093 2137 tVo·

422 2166 560 2260 lumus
583 2174 717 2258 eciam
738 2183 787 2256 ut
808 2171 866 2255 ab
887 2168 1080 2284 omuibus
1119 2169 1458 2255 edificationibus
1489 2158 1740 2264 castrorum
1744 2161 1835 2267 siue
1857 2171 2090 2282 expeditio·

423 2287 546 2404 nibus
581 2285 949 2411 quibuscumque
961 2287 1045 2369 sint
1083 2286 1205 2397 liberi
1226 2297 1269 2396 et
1290 2287 1484 2400 absolutj.
1521 2295 1616 2398 pret
1619 2316 1662 2368 er
1599 2274 1896 2386 thstrum
1929 2283 2089 2374 Oraco-
2204 2295 2209 2304 “

422 2408 568 2514 uiense
590 2415 633 2488 et
655 2401 854 2524 Castrum
877 2402 928 2516 de
947 2397 1096 2514 Οιιιοιι
1118 2405 1135 2518 ι
1142 2403 1186 2514 )‚
1218 2387 1274 2500 ad
1310 2434 1396 2521 que
1434 2403 1700 2516 Corrigenda
1735 2405 1805 2488 uel
1837 2396 2094 2488 reedifican'

337 2521 340 2528 ’
423 2523 525 2606 da
513 2529 628 2604 rret
610 2489 878 2605 tenebuirtur.
912 2529 955 2602 ct
937 2519 1041 2602 tad
1075 2523 1383 2632 expeditionem
1414 2519 1649 2632 quamlibet
1631 2500 1865 2604 tsedecim
1895 2509 2087 2607 homines

364 2627 390 2758 ‘-
423 2668 520 2725 cum
551 2639 711 2750 clypeis
742 2643 911 2724 mittent
943 2638 994 2720 de
1024 2640 1222 2724 omnibus
1258 2641 1366 2724 uillis
1405 2638 1651 2748 Monasterij
1688 2641 1958 2750 supradictj.
1986 2640 2088 2722 Pre-

422 2768 541 2840 terea
575 2758 770 2862 uolumus
791 2765 840 2839 ut
858 2781 1005 2862 omnes
1040 2757 1177 2841 incole
1200 2757 1569 2843 etinhabitatores
1600 2667 1793 2840 uillarum
1815 2756 1995 2866 Oenobij
2009 2783 2089 2840 .·su

422 2873 658 2994 praecripti.
682 2855 736 2958 ab
759 2870 884 3012 Opole
907 2884 950 2955 et
970 2873 1025 2956 ab
1049 2873 1243 2959 omnibus
1280 2876 1390 2960 solut
1390 2875 1561 2960 ionibus
1591 2876 1740 2987 quein
1763 2873 1889 2988 Opole·
1925 2787 2088 2960 coltin-

421 3001 549 3100 gunt,
566 2987 750 3078 rocetta
772 2993 856 3076 siut
876 2993 1042 3101 excepti
1065 3003 1108 3075 et
1125 2991 1305 3081 liberati.
1328 2995 1461 3078 sed
1428 3022 1464 3075 ιι
1485 2991 1590 3104 quid
1609 3001 1715 3104 aput
1736 2987 1833 3102 (sie)
1857 3020 1929 3078 eos
1951 2987 2087 3078 conti-
2118 3055 2122 3060 -

337 3145 343 3154 ·
420 3111 534 3240 gerit
550 3137 626 3218 pro
650 3111 890 3222 quantitate
925 3133 1127 3192 excessus
1163 3110 1426 3194 satisfacient
1457 3111 1640 3200 dominio
1661 3117 1826 3214 nostro,
1848 3111 1966 3192 iuirta
1986 3136 2106 3212 con-⁸

355 3323 356 3328 ι
419 3225 687 3312 suetudinem
719 3237 763 3310 et
793 3223 1124 3335 dispositionem.
1176 3227 1382 3314 Damus
1370 3255 1543 3337 msuper
1562 3225 1830 3313 Monasterio
1861 3226 2086 3337 prehabito
2062 3253 2097 3339 o1

349 3389 357 3406 ·
417 3323 554 3430 forum
591 3347 705 3427 circa
736 3343 979 3430 Claustrum
1012 3371 1109 3428 curn
1144 3349 1336 3460 quinque
1366 3345 1583 3428 thabernis
1604 3347 1946 3454 inperpetuum.
1935 3375 1979 3427 m
2000 3374 2087 3458 quo

417 3461 525 3546 foro
529 3489 668 3574 neque
687 3463 816 3544 iudex
835 3486 975 3574 neque
997 3461 1256 3574 Monetarius
1276 3465 1409 3574 presit
1428 3464 1498 3548 uel
1520 3463 1767 3552 dominetur.
1789 3465 1920 3546 sed
1887 3488 1923 3546 ει
1945 3464 2088 3576 aliqua

419 3580 551 3666 causa
570 3580 630 3664 ibi
648 3591 744 3666 orta
764 3579 901 3666 fiterit.
924 3607 952 3662 a
966 3579 1172 3688 sepedicti
1184 3578 1369 3670 Claustri
1383 3582 1545 3693 prelato
1564 3569 1832 3666 discuciatur.
1849 3579 2097 3678 Stabdmus‘,

419 3699 553 3780 emam
571 3707 617 3780 et
638 3699 844 3782 donamus
882 3699 1077 3782 omnibus
1110 3701 1219 3783 uillis
1253 3698 1517 3801 Monasterii,
1549 3699 1662 3782 hane
1692 3698 1950 3802 libertatem,
1971 3700 2085 3780 utin

417 3808 613 3897 omnibus
636 3814 762 3926 aquis
781 3845 866 3927 que
883 3817 940 3902 ad
950 3807 1033 3902 'eos'
1044 3821 1267 3926 pertinent.
1286 3827 1473 3902 castores
1494 3815 1679 3900 uenandi
1698 3815 1875 3898 liberam
1895 3814 2087 3900 habeant

356 3941 358 3945 ’
417 3927 678 4012 facultatem.
740 3932 849 4016 Item
886 3935 1184 4016 confirmamus
1221 3936 1535 4021 ordinationem·
1563 3959 1695 4042 quam
1732 3930 1887 4016 Oomes
1914 3933 2084 4020 Marcus

415 4049 538 4132 heres
563 4055 606 4130 et
625 4059 873 4160 procurator
886 4077 995 4163 sepe
1015 4051 1094 4134 fati
1115 4049 1308 4138 Oenobii.
1330 4051 1443 4133 feeit.
1467 4048 1576 4135 Ovm
1598 4047 1850 4134 Suentoslao
1872 4049 1956 4137 filio
1978 4050 2084 4132 henss

290 4259 297 4267 ,
329 4217 337 4236 ·
414 4168 502 4250 rici.
527 4175 570 4250 et
588 4163 789 4255 Johanne
825 4165 954 4252 fratre
991 4169 1080 4252 eim
1117 4169 1201 4254 filio
1238 4169 1407 4277 nicolay
1436 4165 1648 4252 redimens
1671 4165 1810 4251 abeis
1830 4198 1962 4252 unum
1982 4167 2082 4253 litus

415 4284 532 4394 fluuiJ‘
555 4285 669 4367 Rode
691 4287 746 4366 ad
768 4287 946 4369 alterum
969 4287 1086 4397 quod
1106 4287 1195 4384 iure
1216 4287 1472 4382 hereditario
1502 4286 1641 4394 ipsum
1673 4285 1914 4370 Claustunn
1937 4288 2081 4373 habet.
2154 4329 2157 4336 ·

247 4503 253 4514 ·
307 4511 311 4518 Ι
415 4427 491 4508 pro
524 4401 673 4506 decem
693 4400 847 4488 Marcis
871 4401 1036 4514 argenti
1059 4401 1277 4514 denariatj.
1300 4403 1382 4488 tali
1396 4403 1659 4494 ordinatione
1680 4414 1728 4489 ut
1749 4401 1960 4515 agadibus
1981 4400 2093 4518 (sict.

414 4520 700 4624 superioribus
722 4551 862 4634 usque
881 4521 939 4602 ad
959 4523 1159 4619 terminos
1176 4521 1392 4608 inferiores
1412 4521 1699 4607 Molendinum
1719 4526 1996 4608 consonandi
2015 4525 2085 4608 uel

518 4779 566 4895 (²),
583 4779 744 4871 8erch
758 4787 917 4872 oppidum
933 4797 967 4853 et
981 4787 1217 4879 rncuasteriurn
1233 4787 1323 4872 (vide
1340 4792 1465 4875 snpra).
1496 4748 1507 4760 .
