4952 5926
1114 1557 1116 1564 ¹
1219 1490 1249 1601 Ι.
1331 1561 1360 1574 ι.

763 1741 893 1824 stne
916 1741 1043 1823 toco
1071 1745 1125 1822 et
1141 1683 1302 1824 'anno
1329 1739 1735 1870 (tm—Imm„
1837 1791 1844 1804 ‚
1931 1765 1965 1782 ··

591 1957 658 2030 tter
671 1955 947 2028 Bolcslaus
962 1957 1064 2029 dictu
1076 1957 1212 2044 tuctu
1232 1957 1325 2028 villas
1346 1958 1532 2030 normam
1545 1957 1869 2047 ttnatcrsttomtol
1953 1969 1956 1974 '

509 2157 865 2247 ....Thinciensem
897 2163 1039 2246 villam
1070 2193 1166 2244 cum
1198 2165 1379 2244 transitu
1411 2151 1551 2246 nauali
1584 2173 1628 2246 et
1657 2193 1745 2248 una
1776 2167 1965 2271 taberna,
1996 2198 2065 2252 se-

405 2282 546 2378 cunda
566 2282 676 2364 ultra
695 2283 871 2364 fluuium
893 2308 991 2362 cum
1011 2291 1112 2366 voto
1143 2281 1277 2364 Ducis
1309 2281 1533 2384 duodecim
1562 2280 1802 2364 Marcamm
1833 2288 2000 2394 argenti
2021 2299 2065 2370 et

403 2397 538 2482 tribus
559 2399 746 2508 poledris
768 2399 946 2509 singulis
968 2399 1088 2480 annis
1111 2405 1155 2480 et
1175 2398 1369 2484 omnibus
1400 2399 1600 2480 ministris
1633 2393 1748 2482 curie
1782 2399 1914 2510 Regis
1948 2429 2065 2486 oom-

403 2517 660 2627 petentibus,
694 2543 790 2598 cum
813 2518 925 2600 omni
947 2517 1216 2600 castellatura
1237 2515 1292 2598 ab
1309 2517 1502 2610 omnium
1532 2517 1834 2626 impedimento
1867 2516 2080 2622 defensis„
2149 2507 2155 2514 ⁷

404 2649 493 2718 tam
513 2632 761 2736 Pistoribus,
780 2633 1045 2743 Lagenariis,
1068 2661 1198 2744 quam
1220 2634 1348 2719 Oocis
1370 2639 1415 2714 et
1435 2633 1688 2744 Camerarijs
1709 2633 1998 2720 Piscatoribus
2022 2651 2065 2720 ct

404 2753 651 2862 Pecorarijs,
674 2761 716 2833 et
737 2747 850 2834 omni
870 2751 1088 2834 constantio
1107 2749 1205 2862 (sic)
1227 2753 1406 2834 muniuit
1434 2750 1578 2836 villam
1604 2750 1778 2834 Lantiki
1809 2781 1906 2839 cum
1937 2756 2064 2838 ascri-

404 2870 557 2980 pticijs,
576 2869 718 2954 villam
737 2867 897 2954 Kasow
918 2895 1015 2950 cum
1035 2869 1298 2977 ascripticijs,
1318 2867 1458 2952 villam
1483 2862 1615 2976 Cytoro
1637 2893 1735 2952 cum
1758 2867 2065 2968 Smardonibus

406 2987 486 3072 sub
517 3015 605 3070 una
626 2988 885 3071 circuitione.
926 2982 1108 3096 Wojtouo
1130 3015 1227 3068 omn
1247 2984 1552 3087 PiscatoribuS,
1583 2975 1719 3071 Ninec
1750 2985 1886 3070 Priuit
1915 2989 2066 3072 artifex

404 3105 678 3218 Lagenamm
711 3115 754 3188 et
784 3105 1001 3190 doliorum.
1034 3103 1254 3212 Prandnylc
1276 3133 1373 3185 cum
1403 3131 1491 3188 una
1522 3103 1703 3188 taberna
1734 3106 1853 3188 cuius
1883 3106 2066 3190 heredes

405 3222 524 3306 Mars.
542 3233 586 3305 et
605 3223 746 3331 Ratey
765 3231 853 3304 tres
874 3231 1019 3304 scotos
1049 3221 1276 3306 soluentes.
1320 3217 1415 3320 Qua
1436 3218 1531 3304 ville
1552 3223 1608 3307 ab
1631 3224 1745 3308 omni
1775 3229 1875 3306 sunt
1893 3225 2066 3332 p'ensio·

404 3369 460 3422 ne
478 3339 613 3424 Ducis
634 3344 853 3424 immunes.
885 3340 984 3422 Duo
1005 3338 1184 3422 macella
1203 3341 1247 3420 in
1269 3337 1493 3424 Oracouia.
1535 3341 1587 3424 In
1609 3337 1771 3450 Sydina
1791 3349 1975 3454 quatuor
1995 3367 2068 3424 su·

405 3459 550 3541 rouice
573 3467 617 3540 et
637 3458 720 3538 due
749 3459 925 3541 taberne
960 3465 1002 3536 et
1030 3485 1174 3538 zamar
1206 3457 1258 3538 de
1291 3485 1549 3568 unaquaque
1582 3460 1802 3567 sartagine
1834 3468 1878 3540 et
1898 3459 2065 3540 dodina

407 3572 770 3676 Ohorouicevilla,
790 3573 1025 3657 Radessow
1044 3574 1142 3656 villa
1163 3602 1261 3656 cum
1279 3575 1490 3658 mellificio
1513 3583 1556 3658 et
1566 3575 1805 3659 venatione.
1836 3575 1888 3656 In
1907 3572 2064 3683 Bytom

407 3692 641 3802 Thengoue
666 3690 747 3772 due
768 3689 959 3774 taberne.
981 3689 1032 3771 In
1055 3689 1199 3776 Scwor
1209 3716 1350 3772 nontam
1363 3693 1609 3802 Thargoue,
1621 3720 1709 3774 una
1719 3693 1912 3796 taberna,
1934 3719 2066 3774 unum

395 3807 641 3912 macellum,
655 3806 865 3914 „Stecleth,
888 3808 1101 3894 Grussow.
1133 3809 1204 3891 Ad
1223 3836 1428 3920 magnum
1450 3809 1582 3892 salem
1603 3819 1806 3918 quartuor
1826 3807 1925 3923 (sic)
1946 3811 2066 3890 thar-

363 3929 370 3943 '
408 3953 521 4038 goue
544 3935 587 4010 et
606 3938 788 4036 quatuor
808 3926 985 4010 taberne
1007 3927 1231 4036 etpecine,
1254 3938 1297 4008 et
1317 3926 1510 4037 qualibet
1538 3929 1776 4036 septimana
1806 3935 1891 4010 tres
1924 3927 2066 4009 alueos

410 4055 453 4128 et
473 4053 671 4157 quartum
692 4045 858 4150 sredne,
881 4053 923 4126 et
942 4055 1107 4152 septem
1126 4071 1204 4154 pro
1222 4045 1364 4154 lignis.
1408 4045 1637 4130 Labscicia
1658 4055 1818 4134 etcum
1849 4044 2068 4152 Ooyanow

408 4171 452 4244 et
471 4163 557 4246 sale
579 4170 623 4245 et
641 4189 765 4247 seruo
786 4161 909 4246 Zulua'
926 4172 970 4245 et
984 4161 1183 4244 fratribus
1196 4164 1340 4246 eiua...
1678 4204 1683 4214 ·

2135 2711 2144 2758 l

510 4395 553 4474 (¹)
577 4393 657 4458 Tria
669 4393 854 4482 privilegia,
871 4393 1023 4478 aquibus
1040 4393 1181 4480 Tomunr
1194 4393 1280 4460 huno
1297 4393 1431 4458 tertium
1457 4395 1607 4464 Codicis
1623 4395 1730 4460 nostri
1754 4391 1940 4477 incipimus,
1965 4391 2067 4458 Bole·
2117 4443 2126 4452 .

408 4475 469 4544 elai
483 4479 571 4564 regis
584 4477 665 4544 dicti
676 4478 830 4562 polonice
847 4478 1000 4564 Chrobry
1027 4481 1207 4558 (strenuus,
1233 4478 1356 4560 sortis),
1384 4477 1539 4546 Judithae
1562 4481 1695 4566 reginae
1722 4473 1882 4542 Vladislar
1909 4475 2068 4542 Hermani

406 4561 522 4629 moris
537 4571 571 4626 et
584 4561 729 4628 Bolcslai
746 4561 926 4643 Crivousti,
943 4571 1018 4628 sunt
1034 4561 1261 4644 antiquissima
1275 4573 1485 4630 monumenta
1510 4563 1668 4628 Poloniae
1688 4559 1908 4659 diplomatica,
1938 4568 2068 4625 nostra

406 4669 477 4712 rum
492 4665 601 4710 rarum
615 4651 781 4746 gestarum
789 4647 1030 4714 scrutatoribus
1046 4655 1134 4713 nota.
1153 4647 1271 4714 Omnia
1285 4645 1366 4715 haec
1382 4647 1627 4734 triaprivilegia
1637 4653 1850 4711 commentar
1864 4644 1898 4707 in
1907 4653 2070 4708 transum-

406 4741 465 4816 pto
482 4727 628 4810 Boleslat
643 4731 778 4798 Pudicis
786 4729 879 4797 ducis
895 4731 1389 4818 CracoviaeSandomiriaeque,
1407 4733 1496 4816 quod
1511 4731 1544 4796 in
1558 4739 1631 4795 toto
1649 4727 1708 4795 sub
1718 4751 1803 4795 anno
1814 4728 1897 4794 1275
1912 4729 1947 4792 in
1960 4727 2068 4793 lucem

407 4813 543 4880 edimus.
566 4813 676 4898 Quare
691 4813 887 4881 benevolum
902 4815 1058 4882 lectorem
1072 4817 1156 4881 infra
1170 4815 1365 4881 adeundam
1381 4839 1499 4881 annum
1514 4813 1712 4900 delegamus

459 4951 540 4992 sonu·
548 4949 588 4998 m,
602 4949 655 4990 rm
664 4949 681 4990 1.
767 4949 770 4958 ¹
1946 4911 1958 4972 l
