4890 5924
1128 694 1303 789 ean
1357 725 1403 742 -

430 910 548 1024 legia
570 902 754 991 ostendit
775 923 900 1005 super
921 891 1127 1006 Zuduolll
1151 902 1200 974 et·
1216 892 1477 974 Thuruouecr
1497 916 1642 998 parva,
1656 883 1801 971 'Villae
1823 898 2101 980 communiter

432 1034 588 1128 dictae,
622 1047 730 1130 quas
749 1046 805 1098 ex
828 1013 1063 1130 donacionc
1093 999 1291 1121 largiflua
1314 1009 1601 1119 prenominati
1621 1005 1768 1117 Regis
1799 1009 1937 1093 Patris
1968 1018 2099 1099 nostri
2192 1049 2195 1066 ·

433 1141 672 1238 Reverendi
683 1209 686 1214 .
699 1137 895 1246 legitime
913 1153 983 1213 ac·
1000 1129 1267 1212 luculencius
1302 1127 1447 1210 extitit
1468 1135 1743 1228 consecutus,
1764 1129 1825 1238 ita
1845 1130 2037 1236 plenaria
2056 1139 2101 1214 et

433 1293 485 1346 ex
505 1263 616 1360 toto,
637 1264 764 1368 prout
786 1253 935 1338 ecdem'
954 1251 998 1328 in
1019 1250 1107 1330 suis
1129 1246 1316 1328 terminis
1340 1241 1712 1344 circumferenciis,
1734 1243 1914 1328 duribus
1938 1249 2102 1332 etPer·

407 1393 411 1396 ”
429 1359 624 1482 tinencijs
648 1369 921 1480 'quibuslibet
953 1363 1248 1474 spectantibus
1270 1363 1324 1444 ad
1348 1362 1521 1444 easdem
1551 1360 1726 1442 fuerunt·
1749 1363 2018 1471 temporibus·
2033 1367 2115 1450 ab

368 1557 369 1575 ,
433 1494 619 1605 antiquis
653 1517 739 1597 que
759 1491 935 1594 inquam
957 1485 1099 1568 omnia
1137 1481 1382 1589 supradicta
1417 1479 1744 1588 patrataiuere,
1781 1483 2102 1568 ordinatasive
2136 1485 2141 1488 ’

429 1614 577 1729 gesta,
595 1635 741 1720 quam
761 1608 804 1686 in
826 1602 1227 1688 commutationibus
1262 1609 1305 1680 et
1337 1597 1647 1706 empcionibus,
1680 1599 1832 1678 tamin
1855 1595 2106 1684 donadeus
2174 1635 2179 1642 ·

428 1731 512 1818 bus
537 1729 587 1810 de
609 1727 831 1808 voluntate
869 1719 1077 1830 gratuita,
1113 1718 1271 1816 favore,
1307 1725 1433 1820 prout
1465 1725 1507 1793 et
1528 1741 1707 1795 assensu
1740 1717 1931 1794 eiusdem
1967 1717 2100 1829 Regis

431 1847 566 1935 nostri
585 1837 728 1926 Patris
747 1836 986 1949 predilecti,
1010 1862 1062 1916 ac
1083 1835 1212 1915 etiam
1243 1831 1399 1912 clarius
1432 1826 1701 1940 confirmata,
1739 1831 2100 1936 quemadmodum

431 1971 477 2050 in
496 1958 733 2068 Privilegijs
768 1955 901 2066 ipsius
937 1953 1176 2062 prelibatis,
1212 1948 1333 2033 nobis
1356 1975 1432 2055 per
1454 1947 1614 2029 dictum
1651 1947 1945 2032 Castellianum
1964 1951 1967 1958 ⁴
1985 1956 2101 2037 exhi·

431 2083 534 2168 bitis
568 2087 617 2158 ut
651 2075 858 2188 prefertur
898 2069 1342 2170 lumlcntissime,tac
1379 2093 1589 2178 expresse.
1613 2067 1872 2170 continetur,
1905 2067 2102 2179 Cumque

433 2203 549 2284 dicta
568 2193 798 2304 Privilegia
818 2218 895 2300 per
914 2187 1275 2270 examinacionem
1299 2183 1609 2288 sufficientem,
1639 2183 1729 2266 fore
1752 2189 2101 2296 cognovissemus
2202 2277 2206 2282 ,

419 2320 572 2416 -firma,
593 2310 807 2412 valencia,
826 2309 1032 2388 ‚decencia
1054 2315 1185 2410 atque
1207 2305 1339 2404 iusta,
1371 2303 1523 2386 eadem
1553 2311 1647 2384 rata
1679 2309 1803 2412 grata
1835 2305 2002 2412 penitus
2024 2308 2101 2389 ha-

430 2439 581 2519 bentes
603 2437 647 2510 et
667 2427 808 2528 firma,
832 2425 887 2508 ob
909 2423 1052 2508 fidelia
1088 2423 1265 2504 servicia
1288 2429 1333 2503 et
1350 2421 1472 2502 utilia
1502 2447 1583 2528 per¹
1610 2417 1770 2504 dictum
1805 2421 2099 2508 Castellanum

435 2556 690 2649 constanter,
711 2544 893 2626 fideliter
915 2571 966 2624 ac
987 2542 1144 2625 utiliter
1167 2541 1354 2623 erebrius
1387 2537 1576 2620 exhibita
1614 2538 1867 2622 Dulcissimo
1890 2541 2006 2622 Patri
2025 2569 2103 2630 no—

433 2680 521 2754 sbo
546 2665 763 2774 ¹promisso
800 2671 933 2768 atque
961 2659 1115 2768 nobis,
1137 2687 1188 2739 aa
1209 2662 1493 2767 inposterum
1525 2647 1799 2764 opitulamine
1835 2659 2104 2767 inpendenda
2204 2691 2206 2696 ’

437 2791 535 2871 cum
557 2784 723 2884 divino,
739 2787 788 2862 ut
808 2777 959 2860 merita
980 2771 1270 2862 vicissitudine
1290 2775 1538 2856 meritorum
1560 2801 1605 2854 se
1629 2775 1852 2884 gaudeant
1873 2783 2102 2885 repensari,

435 2903 638 3016 quodque
661 2896 789 2981 ceteri
810 2897 962 2978 eodem
982 2893 1175 3001 exemplo
1199 2894 1255 2977 ad
1275 2892 1426 2985 similia
1463 2894 1707 2994 excitentur,
1729 2895 1922 2975 eiusdem
1942 2889 2104 3006 suppli·
2129 2911 2134 2917 '
2182 2883 2189 2898 '

436 3015 682 3102 nacionibus
712 3013 954 3124 benigniter
985 3013 1202 3114 acclinati,
1238 3010 1381 3119 sepius
1419 3009 1533 3090 dicta
1568 3009 1794 3119 Privileg'ia
1831 3011 2099 3116 innovamus,

425 3134 720 3234 ratificamus,
752 3131 1080 3238 comprobamus
1103 3139 1146 3210 et
1164 3127 1351 3238 presenti
1381 3133 1524 3210 nostre
1556 3126 1790 3210 Maiestatis
1813 3127 2105 3238 RegiePrivi-

425 3253 571 3364 legio,
609 3257 817 3360 perpetuo
853 3248 1054 3348 valitura,
1092 3275 1258 3330 necnon
1295 3245 1498 3326 duratura
1535 3246 1769 3360 graciosius
1791 3247 2106 3354 confirmamus,

440 3399 527 3452 una
549 3397 648 3452 cum
672 3367 856 3451 Civitate
880 3391 931 3445 ac
952 3365 1074 3474 villlis
1108 3365 1301 3448 omnibus
1331 3363 1635 3468 prenominatis
1667 3365 1753 3444 iam
1786 3365 1899 3448 dicto
1938 3363 2107 3450 (lastel-
2180 3361 2185 3368 ’

345 3568 348 3576 ,
440 3488 559 3591 lano,
594 3489 815 3595 ipsiusque
851 3483 996 3596 liberis
1019 3511 1070 3564 ac
1092 3481 1369 3566 succedaneis
1406 3481 1613 3562 universis
1650 3479 1758 3563 dure
1788 3483 2043 3567 hereditario
2065 3482 2106 3565 in

439 3619 693 3715 perpetuum
713 3601 973 3712 possidenda
994 3609 1038 3682 et
1059 3600 1278 3704 habenda,
1298 3601 1361 3681 ita
1380 3600 1728 3708 integraliter,ex
1748 3608 1840 3684 toto
1863 3609 1995 3706 atque
2014 3602 2108 3709 ple-

424 3753 513 3825 -ue,
551 3721 914 3828 quemadmodum
934 3718 1098 3802 ‘eedem
1134 3719 1390 3802 hereditates
1420 3719 1464 3798 in
1485 3719 1572 3814 suis
1608 3718 1793 3798 terminis
1832 3717 2105 3826 gadibusque

440 3838 795 3956 circumferencijs
818 3847 861 3918 et
882 3836 1059 3920 duribus
1081 3836 1346 3946 quibuslibet
1366 3832 1818 3942 lueruntrtemporibus
1835 3833 1896 3916 ab
1908 3835 2108 3944 antiquis,
2145 3836 2148 3840 ’
2175 3937 2180 3946 x

440 3959 665 4040 retroactis
688 3963 732 4036 et
752 3957 973 4062 primevis;
988 3981 1039 4034 ac
1059 3955 1187 4036 etiam
1209 3952 1495 4038 convertenda
1514 3979 1591 4034 seu
1612 3952 1851 4053 alienanda,
1867 3951 2105 4032 secundum
2127 4021 2130 4026 ,
2216 3959 2220 3965 ’

439 4073 560 4186 quod
576 4073 762 4182 ipsorum
786 4070 1051 4180 beneplacito
1069 4070 1313 4155 Voluntatis
1335 4070 1485 4152 melius
1508 4097 1559 4152 ac
1580 4069 1724 4150 utilius
1746 4068 1957 4152 videbitur
1978 4096 2107 4178 cxpe-

442 4191 571 4274 dire..
604 4191 806 4273 Preterea
835 4191 1108 4302 innopamus,
1141 4190 1290 4272 damus
1323 4197 1375 4271 ac
1409 4189 1536 4270 etiam
1566 4185 1863 4272 confirmamus
1886 4186 1938 4268 de
1961 4189 2109 4297 gracia

442 4317 588 4394 nostra
608 4307 785 4418 speciali
807 4305 838 4390 J
839 4335 889 4389 us
913 4308 1264 4393 Thewthonicum
1307 4303 1613 4390 hereditatibus
1636 4304 1833 4410 omnibus
1853 4305 2110 4407 memoratis,

545 4641 590 4720 (⁷)
614 4629 731 4721 Zaira·
745 4640 907 4726 parochia
922 4628 1028 4708 Zabao
1042 4641 1232 4708 Lastowua
1248 4640 1330 4706 etin
1349 4641 1463 4706 eadem
1478 4638 1556 4703 villa
1571 4625 1678 4704 Zabuo
1692 4637 1846 4724 leguntur
1861 4595 1922 4702 sub
1936 4657 1966 4702 a.
1979 4637 2060 4700 1676
2075 4637 2110 4700 iu

439 4722 792 4876 lgplpiourmaenpnqurlipplq:
804 4725 1077 4812 „Konskrypcya
1091 4725 1219 4810 miast‚”
1235 4733 1299 4791 etc.
1314 4725 1349 4790 in
1363 4725 1503 4812 regione
1519 4719 1710 4852 Pilauieusi,
1727 4743 1810 4806 quae
1826 4720 1925 4787 bodio
1940 4721 1973 4785 in
1989 4719 2109 4806 Regno
