4890 5924
314 957 592 1062 tenebuntur;
623 981 701 1064 pro
732 953 956 1038 Advocato
979 955 1134 1064 atejus
1165 956 1422 1042 haeredibus
1455 980 1622 1064 semper
1653 965 1773 1039 sexto
1812 957 1985 1046 denario
2041 947 2046 960 ’

314 1103 488 1180 census,
511 1083 555 1157 et
567 1073 731 1184 judicio
752 1099 830 1182 pro
851 1071 986 1156 Nobis
1009 1072 1176 1182 duobus
1199 1075 1392 1178 denariis,
1410 1085 1452 1180 et
1473 1073 1682 1157 advocato
1704 1075 1827 1158 tertio
1848 1105 1989 1162 reser-

313 1196 437 1279 vatis.
501 1192 725 1278 antercm
756 1189 950 1274 volumus
974 1199 1016 1272 et
1035 1193 1291 1276 mandamus
1323 1194 1534 1277 advocato
1558 1189 1649 1297 jam
1687 1189 1820 1294 dicto',
1842 1203 1890 1274 ut
1909 1221 1987 1304 pro

314 1311 541 1421 pascendis
563 1305 792 1418 pecoribus
816 1308 999 1417 excipiat
1019 1317 1295 1414 totmansos,
1326 1311 1443 1420 quod
1480 1333 1655 1408 necesse
1676 1307 1802 1389 fuerit
1823 1316 1865 1390 et
1885 1337 1988 1394 con·

152 1443 156 1454 ·
314 1455 479 1502 sonum.
515 1463 520 1469 ·
542 1427 773 1500 anterurn
792 1425 1006 1520 volumus,
1027 1433 1077 1496 ut
1095 1425 1293 1502 Ecclesia
1312 1425 1472 1506 ibidem
1493 1426 1654 1506 habeat
1675 1425 1780 1507 duos
1802 1453 1986 1532 maceca,

316 1543 424 1646 q'uos
446 1533 602 1617 liberos
627 1527 947 1643 essevolumus,
979 1543 1148 1615 nostrae
1170 1535 1316 1618 salutis
1339 1535 1393 1620 ob
1414 1549 1656 1646 respectum
1680 1551 1723 1622 et
1742 1543 2011 1652 progenita,

314 1679 407 1734 rum
443 1653 706 1736 Nostrorum.
769 1647 850 1730 dus
885 1658 1136 1756 patronatus
1172 1679 1248 1760 pro
1278 1653 1415 1738 Nobis
1447 1684 1498 1736 ac
1531 1653 1788 1738 haeredibus
1823 1661 1988 1745 Nostris

315 1793 595 1854 reservamus.
657 1764 946 1850 Promittimus
976 1767 1124 1880 itidem
1153 1774 1369 1876 praesenti
1405 1767 1631 1880 Privilegio
1653 1780 1698 1853 et
1715 1773 1987 1882 spondemus,

318 1887 435 2000 quod
466 1887 582 1969 aives
615 1883 805 1993 ejusdem
836 1883 1020 1966 civitatis
1044 1895 1087 1967 et
1104 1886 1269 1969 incolae
1301 1889 1439 1971 eidem
1460 1885 1622 1971 civitati
1643 1889 1912 1997 adjacentes,
1934 1895 1990 1978 de

316 2004 543 2115 praedictis
565 2003 724 2084 mansis
744 2025 831 2106 non
851 1999 1017 2084 solvent
1038 1993 1246 2086 decimam
1267 2007 1572 2116 manipularem
1594 2027 1675 2084 nec
1691 2017 1988 2116 campestrem,
2127 2001 2131 2012 ’
2258 2045 2265 2058 ·

317 2122 396 2204 scd
417 2123 470 2204 da
493 2118 685 2232 quolibet
703 2145 854 2202 manso
875 2119 1043 2228 solvent
1071 2131 1269 2206 monetae
1300 2123 1459 2206 usualis
1492 2129 1731 2224 sactonem,
1765 2123 1988 2231 praedicta
2028 2201 2036 2216 .

319 2240 530 2344 duntaxat
562 2237 759 2320 libertate
799 2236 1029 2346 expirante.
1090 2239 1318 2324 Praeterea
1353 2241 1546 2324 volumus
1568 2248 1629 2320 -et
1664 2233 1904 2343 statuimus,
1941 2252 1991 2325 ut

319 2359 510 2466 expirata
540 2357 633 2466 jam
669 2353 786 2437 dicta
819 2353 1034 2460 libertate,
1064 2357 1303 2441 advocatus
1334 2367 1593 2443 memoratus
1625 2365 1669 2438 et
1699 2359 1764 2438 sui
1783 2356 1989 2442 haeredes
2086 2359 2089 2366 ’
2162 2347 2173 2364 ’

317 2473 451 2558 Nobis
473 2457 516 2557 et
535 2473 702 2558 Nostris
733 2472 1071 2579 successoribus,
1104 2473 1159 2556 ad
1192 2475 1426 2586 quamlibet
1447 2475 1756 2586 expeditionem
1777 2475 1820 2555 in
1842 2473 1990 2560 defen·-
2074 2531 2076 2538 ·

304 2592 479 2676 sionem
509 2591 654 2676 Nostri
682 2590 826 2702 regni,
858 2614 957 2671 cnm
986 2585 1123 2674 tribus
1154 2590 1340 2698 famulis,
1360 2595 1497 2704 ¹armis
1527 2589 1692 2676 bellicis
1711 2590 1825 2675 bene
1845 2593 1991 2706 dispo·

320 2707 430 2811 sitis,
453 2707 667 2816 quomodo
689 2733 867 2790 necesse
887 2703 1032 2816 interit,
1051 2707 1230 2829 paratus
1252 2735 1346 2793 esse
1366 2717 1574 2794 teneatur.
1635 2709 1756 2793 Idem
1795 2710 1989 2794 volomus

323 2836 367 2911 et
386 2829 634 2928 statuimus,
653 2835 702 2908 ut
722 2827 837 2910 cives
851 2827 943 2936 jam
966 2823 1106 2910 dictae
1128 2829 1332 2932 civitatis,
1348 2855 1435 2912 una
1450 2855 1548 2911 cum
1563 2829 1751 2938 ipsorum
1767 2825 1990 2934 advocato,
2041 2902 2051 2934 ι,

321 2947 502 3032 durante
530 2941 752 3056 praedicta
771 2942 988 3050 libertate,
1028 2947 1287 3030 ssolutionc
1310 2947 1494 3032 thelonei
1514 2949 1558 3028 ln
1583 2941 1744 3027 Crocon
1768 2951 1812 3026 et
1832 2945 1876 3025 in
1897 2944 1989 3054 Ry-

227 3101 233 3112 ·
320 3065 405 3146 tter
435 3061 490 3146 ab
525 3063 647 3176 cquis
681 3071 724 3144 et
752 3063 960 3146 universis
991 3063 1207 3147 mercibus
1237 3065 1423 3148 ineundo
1443 3073 1488 3145 et
1507 3062 1726 3146 redeundo
1758 3064 1844 3144 sint
1871 3053 1992 3146 liberi

33 3215 35 3302 ι
177 3259 181 3272 ,
320 3187 364 3264 et
383 3183 552 3290 ponitus
584 3177 780 3264 absoluti.
840 3181 903 3264 ln·
925 3204 1106 3288 quorum
1138 3182 1324 3266 omnium
1356 3180 1648 3266 testimonium
1669 3188 1713 3261 et
1732 3177 1990 3288 evidentiam

321 3298 547 3407 firmiorem
567 3298 929 3409 praesentestlari
949 3297 1147 3404 fecimus,
1168 3295 1310 3384 Nostri
1333 3299 1470 3413 sigilli
1489 3295 1720 3381 munimine
1754 3287 1989 3380 roboratus.

321 3415 479 3499 Actum
517 3413 729 3500 Crecooioe
748 3419 793 3498 in
815 3425 972 3502 octava
1007 3417 1131 3500 Beati
1167 3415 1387 3523 stanislai,
1424 3416 1548 3502 Anno
1579 3408 1751 3497 Domini
1770 3413 1991 3498 Millesimo
2086 3481 2091 3488 .

280 3529 619 3619 ·.treeentesimo
656 3535 1001 3646 quadragesimo.
1062 3531 1365 3618 Praesentibus
1386 3535 1473 3616 hist
1508 3531 1795 3640 Spiczymiera
1820 3527 1990 3612 Oastcl·

257 3730 259 3739 ,
320 3653 433 3756 lano,
449 3651 679 3764 Mstygneo
700 3649 893 3738 Palatino
914 3647 1208 3753 Oracoviensi,
1237 3651 1424 3734 Henrico
1458 3647 1795 3749 Succamerario,
1832 3639 1990 3728 Wilcz·

320 3771 431 3856 kene
468 3768 751 3880 Subdspifero
790 3768 1140 3876 Sandomiriensi,
1177 3765 1369 3878 Sbigneo
1412 3761 1804 3850 Viae-Oancellario
1847 3761 1991 3846 mirice

322 3889 505 3974 Nostrae
527 3899 571 3973 et
589 3890 838 3998 Praeposito
881 3887 1031 3974 Sancti
1070 3886 1308 3992 Michaelis,
1333 3891 1375 3970 et
1395 3885 1485 3968 aliis
1525 3882 1666 3964 multis
1707 3879 1792 3961 fide
1836 3879 1989 3992 dignis.

323 4005 483 4092 Datum
502 4030 578 4120 per
598 4027 751 4092 manus
772 4005 946 4092 Domini
967 4005 1146 4120 Sbignei
1167 4001 1374 4090 canonici
1395 4011 1440 4086 et
1458 3997 1696 4112 Praepositi
1716 3995 1839 4084 Orac.
