4856 5932
1064 735 1114 790 -,
1163 693 1233 770 an
1291 730 1336 750 .-

370 927 548 1011 corpora
588 909 869 986 assumuntur.
895 901 1115 986 Decimus
1151 909 1344 1012 preterea
1372 906 1423 982 ct
1457 898 1823 1009 possessionesad
1848 898 1930 984 Jus
1955 887 2023 982 ec-

371 1020 591 1106 clesiarum
622 1028 856 1104 vestrarum
896 1028 1141 1132 spectantes
1181 1046 1265 1129 que
1300 1047 1327 1102 a
1361 1019 1496 1128 laycis
1542 1017 1779 1102 detinentur
1816 1020 2024 1104 redimen-

372 1141 415 1223 di
446 1148 488 1222 et
516 1139 705 1252 legitime
738 1139 945 1224 liberandi
983 1141 1035 1223 de
1071 1138 1267 1225 manibus
1304 1165 1449 1223 eorum
1482 1140 1599 1222 etad
1625 1136 1825 1221 ecclesias
1842 1140 2024 1248 adquae

370 1259 583 1368 pertinent
616 1260 846 1344 reuocandi
878 1259 1010 1344 libera
1045 1263 1101 1344 sit
1127 1260 1249 1346 vobis
1279 1260 1505 1342 denostra
1541 1259 1791 1342 auctoritate
1828 1255 2021 1340 facultas.

370 1371 567 1462 Obeunte
597 1406 698 1463 vero
728 1388 771 1462 te
800 1405 912 1462 nunc
944 1380 1133 1464 eiusdem
1163 1380 1245 1465 loci
1265 1377 1500 1462 Abbatissa
1521 1379 1591 1461 uel
1610 1405 1754 1460 earum
1775 1375 1918 1489 aliqua
1940 1403 2022 1486 que

369 1498 449 1584 tibi
469 1499 722 1582 successerit
752 1498 867 1582 nulla
886 1498 946 1583 ibi
968 1499 1158 1606 qualibet
1192 1495 1470 1608 surrepcionis
1508 1500 1674 1581 astucia
1708 1524 1785 1580 seu
1815 1495 2024 1581 uiolencia

367 1626 628 1728 proponatur
648 1619 727 1702 nisi
757 1645 886 1730 quam
921 1643 1087 1704 sorores
1116 1619 1327 1707 communi
1365 1644 1575 1703 consensu
1608 1616 1688 1700 uel·
1712 1644 1857 1699 earum
1892 1615 2024 1700 maior

367 1762 466 1852 pars
504 1736 663 1847 consilij
700 1738 876 1822 sanioris
913 1739 1147 1822 secundum
1184 1741 1307 1822 deum
1344 1749 1388 1822 et
1423 1739 1539 1822 beati
1574 1734 1795 1821 Benedicti
1828 1733 2023 1848 regulam
2060 1805 2064 1815 ,

366 1855 628 1964 prouiderint
649 1857 904 1968 eligendam,
939 1858 1043 1940 Paci
1075 1882 1248 1971 quoque
1279 1867 1321 1939 et
1341 1856 1634 1970 tranquillitati
1668 1864 1809 1940 vestre
1843 1865 2023 1966 paterna

366 1975 641 2084 imposterum
676 1975 956 2061 sollicitudine
976 1978 1212 2086 'prouidere
1249 1977 1462 2082 volentes,
1499 1978 1750 2062 auctoritate
1787 1973 2022 2083 apostolica

365 2091 639 2202 prohibemus
676 2104 723 2178 ut
756 2093 865 2178 infra
894 2095 1110 2179 clausuras
1145 2097 1333 2183 locorum
1366 2125 1443 2181 seu
1478 2097 1751 2208 grangiarum
1787 2102 2023 2178 vestrorum

365 2211 503 2296 nullus
524 2215 712 2322 rapinam
736 2242 812 2298 seu
832 2213 994 2298 furtum
1008 2213 1148 2300 facere
1168 2218 1319 2328 ignem
1340 2243 1553 2326 apponere
1568 2210 2022 2328 sangninem-fundere
2058 2239 2060 2246 ·

365 2329 577 2416 hominem
597 2343 764 2434 temere,
777 2361 929 2442 capere
950 2335 1021 2418 uel
1041 2335 1277 2419 interficere
1301 2365 1375 2420 seu
1398 2336 1647 2421 violenciam
1669 2334 1827 2417 audeat
1849 2357 2022 2416 exerce-

367 2477 425 2532 re.
457 2451 658 2538 Preterea
680 2479 824 2538 omnes
846 2451 1062 2538 libertates
1081 2464 1124 2538 et
1137 2455 1425 2540 immunitates
1442 2452 1852 2566 apredecessoribus
1872 2448 2024 2535 nostris

365 2567 568 2655 Romanis
589 2572 860 2682 pontificibus
880 2573 1136 2659 Monasterio
1168 2585 1312 2660 uestro
1344 2601 1570 2660 concessas
1607 2599 1774 2684 necnon
1803 2570 2021 2656 libertates

368 2699 411 2770 et
431 2693 723 2800 exempoiones
745 2693 1000 2776 secularium
1033 2673 1306 2780 exdecionum
1329 2723 1354 2777 a
1374 2693 1568 2807 Regibus
1590 2703 1634 2778 et
1657 2691 1922 2802 Principibus
1953 2686 2023 2770 uel

367 2807 458 2917 alijs
480 2808 676 2920 fidelibus
696 2810 1007 2902 racionabiliter
1026 2812 1148 2898 uobis
1168 2813 1353 2898 indultas
1391 2815 1645 2898 auctoritate
1666 2812 1901 2924 apostolica
1921 2835 2022 2912 eqn-

366 2925 583 3014 firmamus
616 2942 659 3014 et
684 2933 892 3043 presentis
934 2934 1080 3042 scripti
1113 2933 1337 3045 priuilegio
1375 2933 1692 3018 communimus.
1742 2929 2021 3016 Decernimus

366 3056 541 3160 ergolut
560 3051 661 3136 nulli
683 3053 850 3138 omnino
872 3051 1085 3136 hominum
1121 3055 1249 3137 liceat
1282 3050 1492 3163 prefatum
1528 3050 1828 3138 Monasterium
1862 3058 2022 3132 temere

363 3167 613 3278 perturbare
635 3182 711 3255 aut
732 3173 820 3255 eius
841 3174 1133 3281 possessiones
1155 3173 1315 3258 auferre
1338 3173 1405 3256 uel
1427 3171 1591 3257 ablatas
1621 3174 1802 3256 retinere
1832 3172 2021 3253 minuere

365 3311 441 3368 scu
461 3286 720 3397 quibuslibet
738 3290 1041 3376 vexacionibus
1063 3290 1259 3404 fatigare,
1279 3293 1356 3376 sed
1378 3293 1517 3378 omnia
1532 3293 1700 3405 integra
1716 3297 2022 3375 conseruentur

365 3429 509 3490 corum
545 3434 621 3514 pro
654 3436 832 3518 quorum
870 3408 1186 3521 gubernacione
1224 3440 1275 3494 ac
1311 3411 1657 3496 substentacione
1688 3408 1784 3525 (sic)
1814 3433 2020 3492 concessa

364 3532 466 3605 sunt
485 3523 632 3608 usibus
654 3528 903 3612 omnimodis
925 3529 1158 3636 profutura,
1179 3532 1301 3614 salua
1321 3533 1433 3615 sedis
1457 3531 1688 3642 apostolice
1709 3527 1962 3612 auctoritate
1978 3533 2021 3606 et

364 3639 595 3751 dyocesani
616 3639 801 3757 episcopi
819 3649 1030 3732 canonica
1050 3650 1229 3752 iusticia,
1260 3652 1296 3731 si
1319 3677 1407 3757 qua
1436 3653 1566 3761 igitur
1600 3653 1643 3732 in
1673 3647 1860 3732 firtrrrum
1884 3641 2019 3726 eccle-

362 3761 536 3846 siastica
557 3766 810 3850 secularisue
831 3793 1013 3878 persona
1033 3768 1145 3852 hanc
1159 3777 1306 3852 nostre
1324 3770 1641 3854 constitucionis
1657 3767 1861 3880 paginam
1877 3767 2016 3848 sciens

345 3885 509 3966 'contra
529 3912 621 3968 eam
642 3895 801 3970 temere
832 3887 975 3973 venire
1006 3889 1278 3998 temptauerit
1311 3888 1501 3972 secundo
1535 3889 1723 3972 tercioue
1761 3887 2016 3971 commonita

362 4000 443 4082 nisi
463 4013 626 4088 reatum
647 4033 769 4090 suum
807 4031 998 4119 congrua
1033 4007 1328 4092 satisfaccione
1365 4009 1590 4093 eorrexerit
1624 4007 1849 4117 potestatis
1884 4007 2024 4090 honor.

358 4119 499 4230 risque
530 4125 594 4206 sui
632 4136 787 4209 careat·
812 4126 1017 4238 dignitate
1053 4153 1255 4235 reamque
1292 4153 1337 4209 se
1376 4128 1517 4212 diuino
1554 4129 1710 4214 iudicio
1749 4127 1941 4212 existere.
1961 4127 2014 4206 de
2069 4212 2073 4223 ,

359 4250 602 4348 perpetrata
636 4245 871 4352 iniquitate·
891 4257 1137 4358 cognoscat,
1175 4256 1217 4328 ct
1252 4275 1279 4328 a
1315 4251 1600 4332 sacratissimo
1633 4273 1805 4358 corpore
1835 4272 1887 4326 ac
1915 4271 2015 4327 san·

358 4357 495 4465 gwine
519 4361 585 4444 dei
605 4371 648 4443 et
663 4363 825 4450 ¹domini
840 4359 1121 4474 'redemptoris
1150 4366 1282 4450 nostri
1303 4365 1411 4450 desu
1433 4367 1590 4452 Christi
1627 4367 1735 4450 alien
1772 4361 2011 4478 (alienami)

330 4473 437 4558 vfiat
456 4487 585 4591 atque
620 4481 663 4562 in
694 4491 880 4567 extremo
914 4485 1103 4568 examine
1140 4485 1325 4567 districtc
1357 4484 1579 4569 subiaceat
1614 4483 1782 4569 ulcioni.
1836 4483 2012 4568 Ounctis

361 4607 500 4681 autem
540 4599 675 4690 eidem
705 4600 797 4685 loco
828 4627 907 4685 sua
941 4604 1032 4685 iura
1057 4603 1324 4687 sernentibus
1357 4605 1411 4686 sit
1441 4633 1526 4714 pax
1557 4603 1715 4688 domini
1745 4605 1877 4686 nostri
1903 4602 2012 4687 Jesu

358 4715 474 4799 cristi
495 4720 693 4830 quatinus
715 4720 812 4835 (sic)
834 4721 966 4805 ethic
988 4719 1170 4806 fructum
1191 4721 1304 4806 bone
1325 4725 1510 4808 accionis
1549 4723 1785 4833 percipiant
1820 4731 1864 4805 et
1898 4725 2012 4834 apud

361 4833 592 4932 districtum
613 4836 812 4924 dudicem
831 4842 994 4950 premia
1014 4851 1154 4924 eterne
1176 4841 1294 4950 pacis
1314 4841 1542 4926 inueniant.
1567 4871 1703 4926 amen.
1751 4841 1912 4958 Datum
1932 4842 2010 4926 Pe-
