4844 5936
1022 655 1096 748 ſs.
1143 697 1322 768 ur·-

355 897 503 1000 eodem
544 895 738 981 theloneo
775 895 998 1004 inscriptos
1038 895 1200 980 soluere
1244 897 1411 981 debent.
1472 897 1578 980 Item
1608 899 1643 980 si
1672 902 1895 1013 contigerit
1924 901 2022 984 in·¹
2114 899 2117 915 '

352 1013 423 1100 tra
449 1017 639 1126 spacium
667 1016 951 1125 predictorum
981 1014 1106 1098 trium
1137 1044 1351 1122 annorum,
1383 1016 1500 1127 quod
1519 1017 1730 1100 meliorem
1749 1020 1878 1128 ipsius
1899 1021 1992 1104 the-

204 1203 206 1206 ·
351 1137 462 1221 lonei
492 1135 780 1220 condicionem
820 1131 1067 1218 faceremus.
1101 1160 1184 1242 que
1217 1164 1390 1222 cursum·
1425 1138 1512 1220 eius
1542 1136 1788 1249 modernum
1819 1165 1991 1246 supera·
2145 1221 2146 1225 Ν

352 1265 419 1339 ret
446 1256 640 1357 utilitate,
689 1253 836 1336 licebit
880 1280 1052 1364 quoque
1090 1253 1211 1339 nobis
1242 1257 1355 1340 hunc
1386 1265 1647 1340 contractum
1676 1253 1921 1368 infringere,
1952 1271 1996 1344 et

277 1467 281 1477 ¹
354 1375 491 1460 denuo
524 1377 647 1460 aliam
677 1372 888 1457 meliorem
920 1372 1208 1464 condicionem
1248 1404 1375 1485 super
1404 1377 1494 1484 ipso
1525 1377 1717 1460 theloneo
1749 1375 1886 1460 facere
1917 1405 1992 1486 pro

353 1505 497 1579 nostra
528 1493 712 1578 utilitate
743 1493 941 1595 cumeis,
972 1491 1039 1576 vel
1072 1519 1330 1603 quocunque
1362 1495 1454 1578 alio.
1514 1496 1710 1580 Preterea
1735 1493 1994 1581 absoluimus

352 1612 467 1722 ipsos
497 1614 806 1697 theloneatores
844 1621 1008 1696 nostros
1041 1619 1083 1692 et
1112 1609 1306 1697 faeteres.
1346 1641 1423 1698 seu
1464 1613 1659 1698 familiam
1698 1615 1881 1721 ipsorum
1912 1616 1992 1700 sub

353 1759 402 1816 eo
436 1743 636 1842 tempore.
671 1757 755 1840 quo
785 1735 828 1814 in
858 1733 950 1839 ipso
981 1729 1120 1815 officio
1152 1742 1283 1817 erunt.
1316 1733 1369 1818 ab
1393 1736 1504 1816 omni
1516 1733 1790 1842 jurisdicione
1812 1733 1994 1820 omnium

352 1851 492 1964 Regni
522 1851 653 1936 nostri
690 1851 985 1952 Palatinarum,
1025 1849 1374 1959 castellanorum,
1413 1851 1751 1964 capitaneorum,
1781 1851 1993 1958 Judicum,

355 1970 633 2082 Subjudicum
664 1981 707 2052 et
737 1995 1085 2082 quorumcunque
1108 1967 1359 2054 officialium.
1382 1999 1433 2054 ac
1455 2000 1597 2057 eorum
1623 1972 1991 2082 viceagerencium.

352 2091 604 2174 Mandantes
637 2088 842 2192 omnibus²
872 2117 926 2171 ne
957 2090 1144 2171 audeant
1176 2117 1246 2174 eos
1277 2117 1352 2200 pro
1385 2091 1712 2202 quibuscunque
1743 2090 1880 2175 causis
1903 2116 1992 2172 ma·

351 2213 446 2321 gnis
479 2219 523 2292 et
551 2210 694 2323 paruis
723 2207 921 2291 iudicare.
981 2207 1154 2290 ,Iudicio
1193 2209 1397 2292 duntaxat
1431 2222 1572 2295 nostro
1606 2210 1807 2321 'ejusmodj
1839 2236 1991 2294 causas

349 2356 625 2412 reseruemus.
685 2329 737 2411 In
768 2327 903 2436 cujus·
924 2329 984 2408 rei
1026 2328 1309 2410 testimonium
1349 2329 1559 2438 signatum
1597 2342 1784 2414 nostrum
1821 2355 1994 2438 presen-

350 2449 463 2533 tibus
496 2445 560 2531 est
590 2475 838 2557 appensum.
898 2445 1058 2528 Datum
1088 2447 1132 2526 in
1161 2443 1309 2528 Lublr'n
1339 2445 1442 2532 feria
1472 2452 1619 2562 quinta
1648 2449 1691 2532 in
1721 2450 1900 2532 crastino
1931 2445 1994 2530 fe·

349 2568 405 2650 sti
435 2569 572 2650 sancti
602 2567 768 2680 Martini
799 2592 907 2648 anno
940 2565 1092 2680 domini
1124 2563 1339 2649 millesimo
1361 2569 1782 2681 quadringentesimo
1804 2595 1992 2680 nonage-

352 2687 455 2773 simo
489 2688 648 2797 quinto.
710 2685 848 2798 Regni
878 2687 1009 2770 nostri
1039 2712 1150 2770 anno
1183 2697 1346 2793 quarto.

1349 2921 1595 3009 Commissio
1625 2925 1791 3036 propria

1444 3043 1598 3130 domini
1627 3043 1773 3162 Regia.

1027 3482 1342 3602 CCXXXVHL

640 3709 1000 3824 wacovtuc-
1011 3737 1102 3822 dte
1127 3736 1189 3824 12
1215 3739 1356 3843 Mali
1381 3738 1528 3826 1498
1555 3759 1720 3826 anno.

351 3965 578 4037 loannes
600 3959 841 4036 albertus
862 3977 925 4048 nx,
946 3957 1292 4144 privilegippnttuppiri
1304 3959 1523 4054 nrmioppito
1533 3959 1615 4035 litto
1627 3961 1766 4032 saonen
1784 3959 1898 4051 utun
1919 3979 1990 4035 rou·

1153 4079 1172 4134 a
1254 4110 1262 4127 1
1366 4075 1368 4085 .

455 4272 505 4356 ln
525 4273 692 4358 nomine
714 4273 867 4356 domini
889 4299 1021 4355 amen.
1060 4269 1129 4354 Ad
1148 4279 1391 4382 perpetuam
1412 4273 1471 4356 rei
1491 4273 1743 4358 memoriam.
1787 4269 1986 4356 Actiones

352 4391 515 4502 singule
535 4391 642 4473 inter
662 4391 857 4476 mortales
879 4402 1012 4502 geste,
1044 4399 1087 4472 et
1104 4391 1304 4500 precipue
1340 4419 1424 4502 que
1458 4391 1695 4502 Principum
1731 4385 1984 4475 auctoritate

347 4509 468 4634 fiunt,
490 4517 796 4594 consueverunt
809 4511 1024 4594 literarum
1045 4506 1235 4618 apicibus
1266 4519 1309 4592 et
1328 4509 1554 4620 sigillorum
1575 4511 1877 4594 autenticorum
1896 4537 1988 4592 mu·

458 4747 494 4827 (¹)
517 4743 555 4809 In
570 4751 771 4828 transumpto
786 4743 850 4810 hoc
865 4737 1003 4812 «loannis
1017 4739 1144 4808 Alberti
1159 4739 1364 4826 privilegium
1380 4743 1465 4829 regie
1481 4739 1631 4810 Oasimiri
1656 4741 1804 4830 legimus,
1830 4765 1926 4829 quem
1939 4742 1988 4810 le·

353 4853 414 4918 gas
429 4853 504 4923 pag.
520 4833 581 4896 277
599 4829 695 4914 hujus
711 4829 800 4898 tomi·
1728 4931 1787 4996 60*
