4952 5926
1097 713 1349 787 ..ro-

1131 999 1292 1120 xxiv.

779 1202 1219 1290 comborn-(tte
1243 1200 1315 1292 16
1341 1206 1482 1340 malt
1504 1209 1665 1298 1245.
1804 1217 1815 1238 '
1967 1207 1969 1214 ’

385 1373 660 1450 neruum
681 1373 846 1448 emsa
861 1377 895 1446 rt
908 1373 1114 1448 raonem
1127 1373 1201 1450 dux,
1217 1375 1403 1446 reanum
1425 1391 1516 1448 rrru
1529 1377 1561 1448 ir
1573 1377 1782 1452 corborum
1796 1376 1875 1452 inter
1900 1379 2044 1454 altrum

384 1461 651 1556 helopem
678 1465 712 1533 rt
735 1457 936 1534 rublum
951 1459 1180 1530 trroovierron
1204 1457 1391 1537 liclrslen,
1417 1457 1458 1530 'do
1482 1454 1676 1534 literatius
1701 1463 1880 1536 nonasterii
1897 1465 2045 1558 mnos-
2131 1513 2135 1526 ·
2234 1513 2241 1524 -

923 1647 926 1654 .
1069 1541 1192 1630 ann
1206 1539 1348 1625 uno).

484 1719 537 1804 In
556 1718 726 1804 nomine
747 1715 905 1804 domini
926 1741 1062 1801 amen.
1095 1713 1166 1798 Au
1184 1723 1436 1824 perpetuam
1454 1695 1518 1798 rei
1536 1717 1796 1802 memoriam.
1830 1715 2045 1818 Quoniam

380 1834 497 1920 facta
515 1835 704 1920 bumana
742 1843 1141 1946 quantumcumque
1176 1831 1466 1914 memorabilia
1501 1831 1624 1916 facile
1658 1834 1859 1918 labuntur
1892 1865 1944 1918 ex
1963 1837 2042 1922 ho·

294 1959 300 1974 '
380 1947 541 2030 minum
561 1953 776 2028 memoria.
794 1953 875 2024 nisi
892 1952 1109 2026 literermn
1145 1945 1287 2028 officio
1307 1956 1571 2050 posterorum
1591 1952 1747 2034 noticia
1767 1951 1924 2034 filerint
1940 1981 2043 2038 con-

294 2161 298 2168 ·
379 2072 562 2148 servata
593 2062 683 2148 Nos
705 2059 1005 2170 sigismundus
1028 2061 1097 2144 dei
1118 2062 1256 2171 gratia
1275 2061 1561 2148 RexPolonie
1586 2075 1666 2149 eto.
1689 2093 1875 2174 necnon
1906 2078 2040 2154 terra·

379 2208 473 2266 rum
493 2189 575 2264 etc.
606 2176 914 2288 significamus
935 2186 1081 2261 tenore
1110 2179 1379 2286 presencium
1401 2189 1481 2262 etc.
1523 2178 1642 2280 ¹Quia
1671 2179 1935 2266 Venerabilis
1966 2185 2042 2268 Al·

377 2296 525 2382 bertus
546 2297 599 2380 de
621 2295 825 2382 Olodawa
845 2293 996 2378 Abbas
1017 2295 1259 2403 Monasterij
1280 2296 1659 2382 Andrneowiensis.
1684 2299 1880 2382 exhibitis
1896 2327 2040 2386 coram

378 2413 499 2500 nobis
533 2411 666 2498 literis
696 2411 972 2522 infrascriptis
1002 2413 1047 2494 in
1077 2413 1185 2520 pelle
1204 2414 1406 2522 pecorina
1443 2416 1692 2524 conscriptis
1727 2414 1903 2498 Illustris
1940 2419 2038 2502 olim

378 2529 560 2643 Boleelaj
579 2531 713 2614 Ducis
736 2529 1032 2614 Cracoviensis
1054 2540 1098 2611 et
1117 2529 1470 2616 Sandomiriensis
1502 2531 1742 2616 libertatem
1762 2527 1788 2612 a
1807 2537 2039 2642 prestacio-

346 2755 349 2766 ,
376 2677 432 2732 ne
452 2675 530 2732 seu
549 2649 764 2734 solucione
784 2649 914 2732 boum
950 2675 1030 2729 nec
1062 2675 1147 2731 non
1168 2679 1195 2732 a
1215 2658 1369 2731 stroza.
1392 2675 1418 2729 a
1437 2675 1596 2756 powos.
1618 2678 1645 2731 a
1663 2646 1826 2734 bellicis
1864 2651 2036 2760 expedi-

372 2765 582 2850 cionibus.
605 2793 657 2850 ao
678 2765 733 2848 ab
757 2766 997 2850 subuaudis
1019 2765 1188 2848 arcibus
1209 2793 1288 2848 seu
1309 2766 1458 2848 castris
1490 2793 1740 2850 concessam
1769 2769 1813 2848 in
1833 2794 1879 2848 se
1902 2769 2036 2852 conti-

373 2882 588 2968 nentibus.
610 2882 866 2994 supplicavit
887 2910 958 2966 eas
978 2892 1151 2992 propter
1172 2891 1433 2968 vetustatem
1452 2884 1640 2991 ipsarum
1659 2885 1863 2969 innovari.
1888 2897 2036 2969 aucto·

375 3001 588 3115 ritateque
608 3011 755 3086 nostra
773 2998 915 3112 Regia
933 3029 1010 3110 per
1029 3028 1109 3085 nos
1130 2999 1379 3112 confirmarj.
1427 2997 1617 3104 Quarum
1632 3003 1806 3115 quidem
1820 2999 2036 3088 literarum

375 3127 497 3208 tenor
517 3129 584 3204 est
601 3119 710 3202 talis.
760 3203 765 3212 ,

478 3236 532 3322 In
550 3238 719 3322 nomine
741 3235 897 3320 domini
929 3238 1061 3320 nostri
1081 3235 1112 3322 J
1114 3265 1191 3322 eeu
1212 3238 1371 3323 Christi
1391 3266 1530 3322 amen.
1578 3235 1689 3323 Oum
1720 3246 1837 3322 esset
1866 3227 2036 3322 contro·
2126 3332 2131 3362 ,

432 3355 573 3438 voesia
591 3382 735 3440 coram
750 3351 874 3438 nobis
895 3352 1089 3440 Boleslao
1112 3356 1180 3440 dei
1201 3358 1350 3466 gracia
1377 3355 1486 3440 duce
1508 3354 1782 3439 Oracoviensi
1804 3365 1847 3438 et
1867 3354 2034 3441 Sando-

433 3465 618 3556 miriensi
640 3481 682 3554 et
700 3470 942 3556 Venerabili
972 3482 1107 3556 matre
1139 3469 1284 3556 nostra
1315 3472 1577 3572 Grimislcwa
1606 3501 1687 3554 nec
1718 3501 1804 3556 non
1825 3470 1882 3584 (l)
1906 3471 2034 3554 collo·
2185 3537 2190 3546 .

429 3588 534 3700 quio
553 3597 696 3674 nostro
726 3589 768 3670 in
789 3587 999 3698 Pijoereol
1019 3588 1074 3701 (θ)
1097 3587 1310 3672 celebrato
1331 3592 1441 3675 inter
1478 3591 1682 3674 abbatem
1720 3591 1772 3670 de
1809 3587 2028 3669 Aodrzeoro

428 3706 601 3791 nomine
617 3706 859 3815 monasterij
881 3706 947 3791 sui
968 3735 1021 3790 ex
1041 3735 1128 3790 una
1145 3715 1279 3816 parte.
1303 3716 1346 3788 et
1361 3709 1558 3790 comitem
1578 3704 1831 3788 Michaelem
1863 3702 2031 3790 Castel-

424 3824 570 3910 tanum
588 3823 920 3910 Oracoviensem
941 3852 994 3908 ex
1010 3824 1142 3908 altera
1158 3825 1327 3909 nomine
1344 3823 1599 3910 Castellanie
1617 3823 1807 3906 eiusdem
1823 3849 1950 3932 super
1975 3821 2025 3906 li·

426 3941 667 4026 bertatibue
677 3940 940 4026 funcbonum
956 3937 1336 4053 preetacionem(?)
1350 3937 1404 4055 (³)
1424 3941 1497 4026 vel
1515 3969 1735 4024 munerum
1754 3938 1928 4024 inferius
1952 3967 2029 4022 an·

427 4059 599 4146 noers
633 4060 802 4144 dicente
820 4059 973 4144 eodem
1006 4061 1164 4147 abbate
1186 4087 1232 4144 se
1253 4060 1412 4144 habere
1444 4059 1667 4170 privilegia
1703 4060 1860 4142 ducum
1894 4056 2027 4140 Kari-

425 4178 530 4264 mirz
548 4178 714 4262 scilicet
734 4186 778 4262 et
795 4172 1064 4264 Leschkonis
1087 4179 1416 4288 euper.hijedem
1435 4177 1714 4262 libertatibus.
1745 4178 1858 4258 idem
1880 4199 2024 4257 comes

365 4461 376 4478 ,
425 4458 433 4474 ,
468 4375 512 4474 (¹)
527 4373 856 4476 H⁰0i182ss11mptu3n
887 4375 1091 4478 sigismundi
1105 4376 1194 4475 rQie
1207 4371 1466 4474 confirmationis
1481 4371 1648 4474 literarum
1662 4370 1855 4469 monasterii
1876 4367 2033 4437 Andrze·'

396 4469 700 4626 Reffsockxffis
710 4457 853 4547 pubhcre
869 4459 1037 4528 Tabularu
1057 4457 1162 4550 Regni
1176 4457 1355 4544 desorrpsrt
1368 4459 1581 4538 doctisermus
1609 4453 1841 4528 Muczlrowslrr
1854 4453 2025 4543 (Metryka

466 4627 511 4714 (¹)
532 4623 740 4712 colloquium
754 4629 789 4694 in
804 4627 972 4722 Ejectum,
987 4628 1130 4694 fortasse
1149 4625 1269 4694 Piaeelc.
1289 4625 1447 4711 Ejusdem
1460 4627 1601 4693 nominis
1615 4631 1684 4689 tres
1699 4621 1796 4689 villae
1809 4633 1884 4690 sunt
1909 4622 1944 4687 in
1955 4633 2025 4690 ter·

360 4713 479 4784 ritcrio
495 4710 720 4866 Opoczuensi,
735 4711 799 4778 a'lia
811 4735 893 4780 vero
908 4715 943 4780 in
956 4714 1126 4780 territorio
1141 4711 1334 4780 llcueeiensi
1348 4720 1478 4796 spectat
1497 4711 1541 4778 ad
1552 4707 1746 4796 parochiam
1758 4707 1856 4777 villae
1872 4707 1977 4778 Potor

461 4797 519 4884 θ),
562 4804 694 4869 ortano
713 4795 812 4865 deba
825 4819 899 4868 esse
910 4797 1151 4890 prolaturam?

411 4930 551 4978 mm.
1022 4966 1026 4974 ,
1657 4915 1662 4924 ·
1731 4971 1739 4990 ·
1816 4893 1818 4898 ’
1900 4889 1920 4958 l
