4856 5932
1083 705 1355 780 -400-

347 975 351 986 .
392 939 487 995 rum
508 919 551 994 et
570 907 836 1016 impleturum
856 913 992 990 totum
1013 905 1056 988 id
1079 908 1287 1018 quidquid
1307 936 1385 994 nos
1410 917 1452 992 et
1470 909 1554 992 iam
1577 907 1679 990 dicti
1699 910 1830 1008 nostri
1857 935 2045 996 assesso·

391 1058 459 1114 res
481 1028 625 1115 arbitri
647 1025 917 1110 arbitratores
941 1036 984 1108 et
1003 1026 1244 1111 amicabiles
1275 1028 1575 1139 compositores
1608 1027 1930 1134 diffiniuerimus
1950 1058 2048 1140 pro-

392 1147 757 1233 nuncciauorimus
780 1145 1111 1230 ordinauerimus
1136 1145 1547 1233 Senteneiauerimus
1570 1145 1761 1231 arbitrati
1781 1147 1984 1234 fuerimus
2005 1161 2050 1232 et

340 1272 345 1282 '
391 1267 702 1352 laudauerimus
723 1266 768 1346 in
787 1253 1013 1373 premissis,
1044 1293 1123 1348 nec
1152 1266 1207 1351 ab
1229 1266 1470 1351 huiusmodi
1506 1268 1775 1353 ordinacione
1803 1271 2049 1352 sentencia·

392 1390 511 1472 cione
531 1385 784 1470 laudacione
820 1383 1073 1469 diffinicione
1106 1398 1149 1470 et
1179 1387 1459 1472 arbitracione
1480 1415 1682 1498 umquam
1703 1414 1969 1496 prouvocare
2005 1399 2050 1472 ot

341 1537 345 1548 ’
391 1506 603 1618 appellare
622 1504 729 1590 velle
751 1504 819 1587 vel
839 1505 943 1586 alias
966 1506 1244 1616 quouismodo
1267 1507 1554 1590 contradicere
1571 1534 1647 1588 seu
1667 1509 1962 1592 connsuenire
1978 1509 2047 1592 di-

389 1635 505 1712 recte
527 1624 597 1710 vel
617 1625 819 1706 indirecte
854 1625 983 1706 tacite
1004 1625 1294 1736 vel'expresse
1324 1635 1399 1707 aut
1420 1626 1504 1710 vllo
1527 1627 1685 1712 adhoc
1708 1616 1876 1737 quesite
1908 1629 2046 1713 colore

390 1745 658 1856 seuingenio
681 1743 900 1852 subponis
937 1743 1086 1827 valetis
1118 1773 1193 1854 per
1222 1771 1298 1828 nos
1322 1756 1365 1828 et
1384 1745 1571 1856 prefatos
1608 1763 1774 1828 nostros
1812 1771 2046 1831 assessores

390 1866 570 1951 arbitros
592 1862 862 1946 arbitratores
885 1871 928 1944 et
949 1863 1196 1949 amicabiles
1214 1870 1516 1973 compositores
1550 1863 1847 1946 Tricentarum
1881 1863 2048 1949 Marea-
2113 1865 2121 1882 '

316 1988 320 1996 ’
391 2015 491 2070 rum,
505 1985 685 2094 pecunie
721 1983 952 2064 communis
975 1983 1018 2064 in
1039 1982 1191 2095 Regno
1211 1983 1384 2067 Polonie
1396 1985 1668 2086 decurrentis,
1686 2009 1864 2092 quarum
1885 1985 2044 2068 medie·

376 2116 457 2190 tas
478 2105 599 2189 nobis
622 2111 668 2183 et
687 2097 861 2210 prefatis
883 2103 1166 2188 assessoribus
1189 2105 1353 2208 nostris,
1376 2104 1506 2187 altera
1526 2131 1627 2188 vero
1648 2130 1748 2212 pars
1770 2103 1880 2212 parti
1899 2113 2048 2188 tenen-

388 2229 422 2308 ti
441 2253 516 2336 per
536 2223 699 2334 partem
721 2248 806 2303 non
825 2231 1040 2304 tenentem
1061 2223 1398 2306 irremissibiliter
1421 2222 1552 2307 debet
1570 2223 1752 2333 persolui
1772 2230 1814 2304 et
1834 2221 1915 2305 sub
1933 2251 2045 2332 pena

334 2345 340 2352 ’
390 2341 800 2429 excomunicacionis
820 2351 1000 2450 protunc
1031 2371 1107 2450 per
1127 2371 1204 2427 nos
1227 2343 1277 2424 de
1300 2341 1415 2426 facto
1446 2344 1531 2426 late
1567 2343 1782 2424 sentencie
1812 2352 1855 2423 et
1881 2343 2045 2427 tociens

389 2463 591 2575 quociens
613 2461 757 2567 aliqua
780 2461 986 2543 dictarum
1008 2463 1199 2570 parcium
1220 2489 1304 2546 non
1325 2465 1506 2546 tenuerit
1520 2461 1589 2546 vel
1604 2472 1746 2544 tenere
1762 2462 1945 2544 renuerit
1960 2463 2044 2570 (re-

388 2579 610 2690 nitueriti),
626 2581 890 2664 ‘sentenciam
911 2579 1492 2691 huiusmodiinfrascriptam.
1540 2580 1616 2665 Illa
1636 2590 1778 2664 maren
1798 2605 1910 2688 pena
1931 2607 2053 2666 com-·

388 2703 518 2785 missa
538 2701 607 2786 vel
626 2727 710 2783 non
732 2700 970 2783 commissa.
993 2701 1131 2783 soluta
1160 2700 1229 2784 vel
1255 2728 1341 2785 non
1370 2702 1508 2784 soluta
1543 2699 1837 2815 nichilominus
1873 2727 2046 2809 presens

385 2821 736 2932 'compromissum
759 2845 810 2900 ac
831 2821 973 2902 omnia
994 2829 1037 2902 et
1056 2821 1221 2931 singula
1243 2821 1287 2901 in
1315 2847 1364 2904 eo
1387 2829 1587 2904 contenta
1608 2823 1651 2902 in
1672 2845 1749 2904 suo
1772 2831 2048 2929 permaneant

390 2949 433 3023 et
453 2968 699 3051 permanere
722 2939 879 3021 debent
897 2938 1049 3024 robore
1071 2951 1203 3050 atque
1223 2939 1433 3043 firmitate,
1466 2951 1597 3050 atque
1620 2941 1759 3025 omnia
1789 2939 2046 3046 susprascri-

387 3069 464 3170 pta
482 3057 646 3172 prefati,
669 3057 907 3141 Stanislaus
931 3057 1080 3140 Abbas
1093 3087 1179 3150 ¹suo
1205 3067 1248 3140 et
1267 3061 1403 3144 tocius
1424 3061 1494 3142 ¹sui
1526 3057 1775 3143 Conuentus
1793 3057 2044 3142 Tiniciensis

388 3179 444 3262 ab
466 3206 560 3283 vna,
582 3188 624 3260 et
645 3176 919 3288 Margaretha
939 3177 1172 3262 Abbatissa
1208 3181 1342 3263 eciam
1378 3205 1455 3262 suo
1488 3188 1531 3262 et
1550 3180 1686 3262 tocius
1709 3177 1775 3260 sui
1796 3175 2043 3260 Conuentus

388 3298 631 3408 Monasterij
643 3299 694 3380 de
705 3295 949 3406 Stanyctlrlcp
961 3299 1199 3382 nominibus
1209 3300 1422 3408 predictis,
1438 3297 1630 3407 partibus
1641 3297 1695 3380 ab
1707 3295 1849 3400 altera,
1861 3323 2044 3404 sespon·

387 3427 432 3500 te
453 3428 496 3501 et
511 3420 639 3503 libere
656 3417 951 3500 submiserunt.
976 3413 1069 3516 Quo
1091 3419 1153 3500 sic
1175 3421 1475 3528 compromisso
1492 3417 1692 3500 factonos
1705 3413 1920 3527 Sbigneus
1941 3415 2044 3524 upi-

388 3565 543 3650 ecopus
562 3535 753 3649 prefatus
769 3563 951 3619 vnaeum
964 3538 1219 3645 supradictis
1241 3537 1527 3622 assessoribus
1538 3539 1691 3622 nostris
1703 3545 1745 3618 et
1752 3536 1942 3645 parcium
1951 3563 2045 3646 pre·

389 3657 596 3740 dictarum
618 3658 784 3741 arbitris
806 3657 1125 3741 arbitratoribus
1155 3669 1199 3740 et
1226 3658 1518 3740 amicabilibus
1556 3653 1908 3766 compositoribus
1944 3655 2042 3737 visis

388 3778 664 3863 consideratis
687 3786 729 3859 et
751 3777 975 3887 diligenter
997 3779 1243 3862 examinatis
1275 3776 1609 3884 circumstancijs
1640 3777 1849 3859 uniuersis
1881 3776 1922 3856 in
1949 3801 2044 3883 pre-

361 3897 526 3978 ·missis
569 3907 612 3978 et
652 3923 796 3981 eorum
836 3896 1014 4008 singulis
1057 3896 1087 3981 J
1090 3898 1234 3979 uribus
1274 3897 1402 3980 literis
1443 3905 1486 3978 et
1525 3895 1844 3977 munimentisve
1881 3890 2042 4003 allega-

325 4075 330 4084 -
389 4014 581 4101 cionibus
623 4024 665 4096 et
704 4015 1048 4124 responsionibus
1092 4043 1142 4099 ex
1171 4023 1350 4126 Vtraque
1381 4028 1501 4123 parte
1528 4013 1654 4096 factis
1698 4025 1738 4096 et
1778 4013 1821 4094 in
1860 4011 2044 4094 medium

268 4239 270 4246 Ι
383 4134 604 4245 'productis
647 4141 690 4216 et
721 4134 872 4216 oblatis
909 4135 1096 4216 volentes
1140 4135 1382 4216 huiusmodi
1424 4134 1569 4216 litibus
1606 4131 1907 4218 vexacionibus
1944 4159 2045 4216 eon-

387 4253 601 4364 trouersijs
634 4263 676 4336 et
716 4252 1010 4362 questionibus
1053 4253 1275 4336 occasione
1317 4253 1495 4362 predicti
1530 4255 1732 4362 prepositi
1774 4261 1816 4333 et
1855 4251 2045 4362 preposi-

387 4384 479 4457 ture
510 4401 562 4455 ae
591 4371 805 4456 eleccione
828 4371 1015 4452 eiusdem
1052 4381 1095 4453 et
1130 4369 1221 4480 alijs
1256 4373 1300 4452 in
1320 4374 1505 4479 presenti
1543 4373 1843 4478 compromisso
1871 4381 2044 4454 conten-

389 4494 566 4576 tis'dare
587 4493 716 4576 finem
739 4501 781 4574 et
800 4491 908 4573 inter
928 4491 1043 4600 ipsas
1066 4501 1207 4600 partes
1229 4517 1380 4600 pacem
1404 4501 1445 4572 et
1468 4490 1732 4575 amicabilem
1753 4489 1896 4574 facere
1932 4517 2046 4574 oom-

389 4613 646 4722 posicionem
678 4617 794 4695 iuxta
824 4620 1080 4722 potestatem
1112 4621 1154 4694 et
1185 4611 1481 4695 auctoritatem
1513 4611 1635 4696 nobis
1659 4611 1923 4694 attributam.
1945 4635 2043 4718 par·

391 4732 501 4813 cium
538 4733 824 4842 predictarum
860 4730 1056 4842 precibus
1095 4731 1290 4814 acclinati
1324 4731 1510 4840 ipsorum
1547 4731 1787 4814 huiusmodi
1828 4725 2045 4812 arbitrium

390 4859 434 4933 et
453 4849 716 4935 amicabilem
753 4853 1107 4961 composicionem
1143 4880 1194 4936 ac
1228 4849 1400 4934 laudum
1436 4849 1834 4959 pronuncciauimus
1867 4856 1909 4931 et
1940 4843 2045 4932 Sen-
