4822 5924
1007 1139 1208 1258 oculu

541 1392 994 1484 maome-26
1009 1395 1331 1482 Decembris
1355 1391 1487 1482 1³22
1504 1413 1667 1480 cano.

277 1616 497 1692 loannis
511 1617 550 1692 tc
565 1567 726 1709 Madaya
740 1616 899 1692 cubum
915 1607 1286 1804 cuppipuipiztp'lpub
1299 1635 1391 1690 auru
1404 1613 1590 1690 morundo
1604 1613 1924 1708 tuscanicorum,

1049 1737 1103 1794 m
1216 1768 1224 1784 .

381 1895 471 1983 Nos
491 1893 683 1982 «Ioannes
705 1895 974 1982 Oastellanus
997 1895 1288 1983 Oracoviensis
1310 1891 1364 2008 (²)
1393 1895 1739 2004 recognoscimus
1768 1895 1923 2006 quibus

282 2015 452 2123 expedit
470 2016 671 2099 universis
691 2015 1020 2101 Honorabilibus
1043 2045 1093 2099 ac
1113 2013 1338 2125 Religiosis
1359 2015 1456 2098 viris
1478 2012 1852 2120 DominoAlberto
1870 2013 1925 2128 (³)

279 2131 443 2218 Abbati
477 2142 653 2244 totoque
685 2133 922 2220 Conventui
941 2135 1183 2244 Monastery
1205 2133 1467 2243 Tynecensis
1490 2129 1656 2217 Ordinis
1679 2130 1768 2216 Soti
1788 2133 1926 2218 Bene·

282 2253 385 2336 dieti
405 2279 533 2363 super
553 2252 856 2338 haereditatem
878 2255 1031 2336 dictam
1053 2253 1191 2338 Zduuu
1217 2256 1329 2336 circa
1347 2251 1520 2336 fluvium
1540 2249 1725 2334 Duncr'ec
1743 2254 1927 2337 locatam

282 2367 579 2485 Quadraginta
599 2401 762 2456 marcas
784 2375 1026 2486 grossorum
1045 2373 1322 2484 Pragensium
1343 2371 1621 2472 concessisse,
1645 2368 1832 2455 Consum
1854 2401 1929 2454 au-

281 2505 370 2574 tem
390 2489 445 2576 ob
461 2491 691 2576 remedium
713 2491 858 2576 salutis
879 2499 1049 2576 nostrae
1071 2491 1260 2604 quolibet
1280 2517 1390 2574 anno
1407 2517 1532 2600 super
1548 2489 1717 2572 easdem
1735 2487 1929 2591 Quadra·

283 2609 403 2720 ginta
441 2605 609 2696 Marnas
642 2609 800 2696 eisdem
830 2611 1022 2697 Dominis
1051 2609 1233 2695 Domino
1265 2607 1424 2692 Abbati
1445 2619 1487 2692 et
1508 2636 1584 2694 suo
1617 2607 1854 2695 Conventui
1876 2611 1928 2694 de

285 2727 436 2816 eadem
455 2729 714 2832 haereditata
738 2731 851 2814 dicta
870 2727 1044 2831 Zdocr'o,
1086 2753 1214 2839 quem
1249 2729 1525 2840 percipiemus
1555 2731 1833 2838 promittimus
1856 2731 1930 2815 dc·

283 2846 459 2955 falcare,
495 2857 537 2932 et
569 2850 743 2934 eandem
779 2850 1083 2934 haereditatem
1117 2848 1279 2934 tamdiu
1314 2847 1545 2930 tenebimus
1581 2849 1625 2929 in
1661 2849 1930 2962 obligatione,

285 2995 511 3084 quousque
524 2963 817 3081 Quadraginta
836 2969 1002 3053 Marnas
1025 2969 1076 3052 de
1098 2969 1280 3077 pecunia
1290 2965 1487 3052 censuali
1509 2966 1562 3048 dc
1582 2968 1695 3050 dicta
1715 2969 1814 3054 villa
1835 2999 1932 3082 pcr-

287 3087 508 3198 oipiamus,
528 3091 739 3200 perceptis
761 3117 813 3174 ex
832 3091 995 3200 integro
1019 3089 1069 3171 de
1092 3089 1236 3176 Ocnsu
1258 3083 1553 3200 Quadraginta
1573 3089 1745 3192 marcis,
1777 3100 1931 3174 extunc

286 3205 410 3288 dictis
430 3205 621 3293 Dominis
641 3207 946 3292 haereditatem
966 3210 1151 3318 ipsorum
1179 3208 1537 3317 praenominatam
1559 3208 1649 3288 sine
1670 3207 1782 3291 omni
1801 3239 1933 3321 pecu·
2052 3281 2055 3290 .

285 3324 357 3407 nia
375 3327 594 3410 restituere
616 3327 704 3409 sinc
726 3327 916 3438 qualibet
948 3327 1143 3412 dilatione
1165 3355 1242 3411 nos
1263 3327 1513 3439 obligamus.
1566 3323 1611 3410 Si
1631 3336 1774 3411 autem
1796 3330 1932 3413 dictus

284 3441 491 3530 Dominus
522 3443 721 3528 Albertus
750 3443 900 3528 Abbas
922 3473 1018 3530 cum
1039 3474 1116 3531 suo
1139 3447 1364 3533 Conventu
1393 3443 1698 3530 haereditatem
1729 3475 1934 3556 saepeno-

285 3563 490 3646 minatam
521 3571 750 3675 antequam
781 3559 1075 3676 Quadraginta
1105 3592 1270 3649 marcas
1294 3566 1345 3647 de
1366 3568 1544 3676 pecunia
1581 3563 1778 3650 Censuali
1797 3567 1934 3676 perci·

286 3681 471 3792 piemus,
500 3681 707 3766 voluerint
735 3683 958 3790 redimere,
988 3691 1092 3766 tunc
1123 3680 1332 3768 defalcata
1350 3686 1530 3792 pecunia
1552 3681 1771 3789 Censuali,
1804 3712 1934 3794 quam
2020 3717 2029 3742 ··

288 3801 567 3913 percipiemus
596 3801 807 3886 residuam
837 3813 1000 3913 partem
1031 3805 1236 3912 pecuniae
1266 3801 1609 3884 accommodatae
1629 3800 1752 3886 nobis
1772 3805 1934 3890 solvere

289 3920 373 4004 sint
392 3921 553 4003 astricti
575 3921 625 4004 de
646 3921 909 4006 haereditate
930 3949 975 4005 se
996 3923 1330 4006 intromittentes.
1362 3919 1412 4005 In
1433 3920 1552 4002 cuius
1572 3921 1633 4023 rei
1652 3923 1935 4010 testimonium

182 4145 189 4149 .
292 4069 345 4124 ao
367 4038 620 4125 evidentiam
651 4039 866 4126 clariorem
897 4047 1140 4154 praesentes
1170 4049 1312 4126 nostro
1345 4038 1490 4150 Sigillo
1519 4041 1716 4124 iussimus
1734 4044 1933 4134 roborari.

289 4158 444 4244 Actum
466 4167 509 4241 et
528 4157 686 4244 Datum
710 4157 918 4244 Crucoor'ce
935 4159 1062 4256 ,Faria
1083 4169 1203 4246 sexta
1221 4158 1329 4243 infra
1349 4167 1521 4244 octavas
1549 4161 1790 4247 Natiuitatis
1813 4163 1935 4248 Obri-

289 4279 358 4363 sti.
388 4275 511 4362 Anno
544 4307 570 4360 a
588 4277 821 4363 Nativitate
850 4279 1020 4365 Domini
1049 4277 1105 4365 M.
1129 4279 1258 4366 000.
1279 4277 1500 4365 LXXVII.
1550 4279 1847 4366 Praesentibus
1868 4284 1933 4368 his

217 4401 222 4415 '
289 4395 480 4481 testibus:
515 4393 712 4508 Spitcone
743 4397 850 4484 Filio
882 4409 1045 4506 nostr0,
1074 4399 1249 4486 Nicolao
1280 4399 1463 4482 haerede
1484 4397 1535 4482 dc
1558 4399 1742 4503 aarum,
1765 4400 1933 4487 Simone

396 4631 435 4713 [¹]
457 4629 685 4718 Apographon
700 4654 721 4696 a
733 4631 953 4719 Dcpkowsoio
968 4631 1153 4718 habuimus,
1172 4635 1242 4700 sina
1258 4633 1331 4700 ullis
1347 4631 1620 4702 annotationibus.

396 4716 434 4798 (²)
458 4715 603 4784 «Ioannes
619 4716 658 4781 dc
675 4719 849 4805 Midoztyn,
866 4717 950 4786 iilius
966 4717 1130 4806 Spioimiri
1145 4717 1312 4786 castellani
1327 4717 1564 4800 Craooyiensis,
1585 4719 1624 4784 dc
1640 4737 1705 4802 quo
1716 4720 1783 4804 jam
1797 4719 1935 4792 diximus

292 4825 435 4972 πρηὺ)
457 4885 624 4965 Albanus,
639 4839 778 4972 insigms
797 4886 910 4976 Topos,
924 4887 1026 4954 abbas
1042 4887 1221 4954 secundum
1235 4887 1521 4978 Szczygielscium‚
1536 4834 1598 4954 fuit
1613 4911 1642 4954 a.
1656 4889 1831 4959 loto-80.
