4930 5922
1145 678 1426 751 ..130-

1436 793 1443 814 Ι

376 871 383 884 ’
453 881 572 965 bentl
606 879 806 974 memorie
839 875 1012 958 ualeant
1048 847 1305 980 succurrere,
1344 884 1388 958 et
1415 877 1714 960 ordineaion‘es
1756 877 1940 986 priorum
1980 877 2120 968 datos
2194 895 2197 904 “

451 1117 583 1200 uersis
602 1123 648 1194 et
667 1110 1110 1223 singulis-presentem
1128 1115 1335 1220 paginam
1353 1109 1608 1219 inspecturis
1623 1113 1758 1224 ‘quod
1788 1139 1866 1198 nos
1893 1111 2120 1223 praesidius
2148 1165 2160 1176 ·

452 1233 519 1318 dei
541 1231 681 1342 gretia
699 1230 788 1318 dux
810 1224 1048 1338 Opoliensis
1071 1226 1125 1339 (¹)
1145 1229 1341 1318 domiuus
1358 1227 1413 1310 do
1429 1228 1669 1312 Ooswaaoim
1690 1226 1745 1342 (ὅ)
1767 1257 1843 1338 pro
1865 1257 1942 1314 sex
1961 1231 2121 1322 Metuis

451 1349 563 1433 calte
582 1359 700 1431 terre.
713 1373 823 1470 quoa
842 1344 993 1428 fratres
1015 1347 1068 1428 de
1091 1341 1258 1457 Moqyla
1276 1343 1334 1458 (⁴)
1354 1345 1400 1426 in
1421 1344 1620 1455 Spdoouiz
1651 1345 1707 1460 (θ)
1739 1347 1940 1436 habuisse
1979 1349 2121 1440 dinos-
2176 1473 2181 1486 Ι

427 1633 432 1640 ’
451 1633 586 1720 majoris
601 1631 702 1716 pretii
717 1629 936 1710 documentis,
960 1649 1056 1713 qnam
1080 1627 1161 1717 illud
1186 1629 1337 1694 nostrum
1352 1629 1429 1694 anni
1446 1631 1529 1694 1284
1545 1630 1754 1716 privilegium
1782 1629 1833 1696 Na
1850 1629 1931 1697 LXI
1949 1629 2013 1696 huc
2028 1631 2120 1716 typis

451 1725 629 1786 exaratum:
645 1713 845 1782 Premislaus
860 1707 890 1777 le
916 1714 1029 1778 ituria
1045 1711 1161 1776 eodem
1177 1712 1267 1792 „dux
1283 1712 1489 1797 opoliensis,
1501 1712 1655 1779 dominus
1669 1715 1712 1780 de
1728 1713 1964 1784 Ossvenaiffl·
1991 1719 2026 1786 2⁰
2036 1724 2073 1782 et
2083 1717 2120 1786 3⁰

451 1801 597 1870 Privatis
614 1800 716 1864 duces
732 1797 852 1862 dabant
868 1737 1130 1894 oiimllibertatos
1146 1795 1241 1860 villas
1257 1796 1369 1862 locare
1385 1811 1419 1862 et
1437 1799 1506 1862 'ure
1529 1797 1687 1882 polonico
1704 1803 1738 1864 e't
1752 1796 1964 1890 theutonipo,
1990 1821 2065 1864 nam
2085 1800 2121 1864 in

371 1919 376 1932 ·
444 1883 640 2034 9ῑῇῖῦθὲἰῆ
664 1881 705 1952 de
721 1903 786 1964 quo
809 1889 1007 1954 meniwnem
1034 1881 1173 1958 secamus
1199 1879 1259 1945 sub
1283 1879 1326 1956 N⁰
1341 1881 1404 1946 LV
1431 1821 1531 1970 irujus
1560 1881 1659 1946 Tomi
1685 1883 2118 1970 nostrietquodinTomo

476 1991 558 2035 mmo

451 1995 605 2119 preoibus
630 2053 780 2138 ipsorum,
802 2070 916 2111 verum
939 2049 1042 2112 eciam
1056 2045 1266 2112 attendentes
1291 2048 1404 2124 fidelia
1419 2048 1561 2114 servicia
1575 2051 1737 2115 eorundem
1759 2051 1808 2130 (id
1825 2059 1886 2131 est,
1903 2050 2040 2114 militum
2053 2051 2117 2114 Ra·

449 2079 672 2213 dwanitarum,
688 2154 906 2216 personarum
920 2131 1126 2215 privatarum
1137 2131 1186 2196 uti
1199 2130 1374 2213 videmus),
1391 2133 1489 2199 locare
1498 2137 1704 2220 permisimus
1713 2137 1785 2224 jora
1798 2135 1962 2204 theutonico
1979 2138 2042 2200 sice
2052 2157 2114 2222 po·

447 2223 555 2299 hoico,
570 2225 685 2302 pro-ut
707 2216 792 2300 ipsis
809 2214 921 2280 utilius
937 2213 1134 2280 videbitur.”

603 1966 710 2038 odiols
725 1965 815 2050 typis
830 1973 983 2028 exaratus
999 1973 1051 2040 est
1065 1961 1216 2048 legimus:
1255 1963 1347 2051 „Nos
1373 1987 1454 2030 vero
1479 1957 1666 2044 (Bolesiaus
1696 1967 1859 2046 Pudicus)
1888 1967 2116 2056 acquiescentes
2153 1971 2158 1978 '
2213 1977 2223 1988 '

554 2300 622 2368 Sed
636 2299 815 2364 multaalia
829 2299 862 2362 in
877 2296 942 2362 hoo
958 2296 1135 2384 privilegio
1151 2298 1366 2382 heplrowscii
1382 2308 1469 2380 sunt,
1493 2320 1576 2382 quae
1592 2297 1689 2365 nobis
1704 2298 1789 2365 hanc
1804 2299 2005 2366 locationem
2020 2299 2115 2366 villae
2252 2335 2260 2362 ι
2370 2351 2380 2368 .

449 2387 599 2486 Poe-eobo
613 2381 728 2448 falsam
743 2405 818 2450 esse
834 2381 1072 2448 demonstrant.
1110 2383 1295 2466 Propterea
1309 2407 1343 2480 ιι
1358 2382 1627 2448 annotationibus
1651 2405 1722 2448 eam
1736 2385 1915 2468 posuimus.
1955 2383 2020 2448 Est
2031 2405 2114 2449 vero

446 2469 531 2537 talis·

525 2519 588 2615 'ln
603 2549 741 2619 Nomine
767 2549 904 2616 Domini
929 2547 1037 2626 Amen
1084 2547 1132 2614 Ne
1155 2571 1210 2615 res
1231 2560 1347 2636 gestae
1369 2551 1503 2636 possint
1524 2573 1587 2635 per
1606 2549 1746 2618 Cursum
1770 2549 1935 2616 declivum
1944 2541 2116 2636 ‘temporis

448 2635 585 2718 aboleri,
601 2634 826 2710 necessarium
838 2643 900 2710 est
916 2643 954 2702 nt
967 2632 1101 2708 easdem
1115 2633 1301 2710 confirmet
1325 2633 1512 2726 linguarum
1531 2635 1611 2708 testi
1668 2637 1762 2705 nium·
1771 2643 1806 2709 et
1821 2635 1969 2703 solennis
1986 2635 2116 2700 Titulus

446 2721 613 2786 literarum
658 2717 779 2783 Notum
802 2717 845 2781 sit
860 2711 1168 2804 igitur'Universis'
1181 2726 1214 2783 et
1230 2717 1377 2804 Singulis
1404 2719 1600 2808 praesertim
1662 2717 1708 2797 ic)
1734 2717 1888 2804 paginam
1916 2717 2116 2804 inspecturis
2185 2791 2191 2798 ,
2286 2707 2290 2714 ’

447 2803 538 2890 quod
552 2824 615 2868 nos
631 2801 752 2869 Comes
767 2800 873 2868 Adam
889 2800 1038 2872 dedimus
1053 2801 1137 2868 Viro
1161 2800 1303 2886 provido
1325 2802 1507 2874 Milosooni
1535 2801 1668 2886 Sylvam
1684 2804 1771 2868 inter
1797 2805 2038 2878 Wloaienaicam
2052 2803 2113 2868 vil-

445 2889 510 2954 lam
525 2897 561 2952 et
576 2884 720 2952 &redde
733 2885 767 2954 et
782 2883 958 2982 Oinarea
975 2885 1148 2984 titulatio.
1163 2905 1260 2984 auara
1275 2886 1411 2970 Beiram
1426 2909 1468 2956 ex
1484 2886 1664 2980 donatione
1679 2887 1784 2984 Juoiu
1799 2887 1847 2967 (i)
1863 2885 2027 2984 Principis
2041 2888 2115 2984 Prie

446 2971 546 3050 ssu
559 2970 626 3052 (ee)
643 2969 829 3069 astrata
854 2957 1256 3064 Decasoswaeaersa
1274 2973 1349 3054 jare
1372 2971 1594 3044 haereditario
1623 2970 1846 3060 possumus.
1867 2971 2025 3044 Sexanua
2038 2975 2115 3059 (sict

307 3080 311 3088 ¹
446 3057 585 3122 Mausos
610 3056 850 3134 Franoomcos,
873 3057 947 3138 jure
970 3051 1132 3126 Polouieo
1161 3049 1392 3141 Popularitam,
1408 3053 1577 3143 inquibus
1599 3056 1695 3119 etiam
1722 3053 1732 3118 i
1759 3079 1795 3119 se
1818 3051 1990 3119 Miloslsus
2017 3075 2114 3138 quam

316 3171 322 3188 ·
448 3140 499 3206 sui
526 3137 658 3205 Posteri
683 3137 902 3222 possidebunt
926 3146 1055 3202 sextum
1081 3139 1231 3204 Mansum
1246 3137 1385 3204 liberum
1400 3149 1574 3224 perpetuo,
1591 3149 1658 3202 tum
1688 3161 1707 3201 a
1746 3138 1945 3216 eeima,tum
1968 3159 2114 3203 aoensu.

343 3955 349 3964 .
446 3903 547 3972 noant
571 3894 766 3960 inconouisa
789 3897 877 3978 (sio).

327 4071 331 4082 “
445 4063 593 4152 Philippi
609 4072 643 4127 et
656 4061 777 4138 Jacobi
792 4063 1033 4158 Apostolorum
1081 4064 1182 4131 Anno

445 3223 530 3290 Item
543 3221 732 3292 molendina
745 3221 850 3288 libera
865 3229 1030 3306 quotquot
1044 3221 1136 3286 volet
1151 3205 1347 3302 aedificabit,
1367 3245 1467 3308 supra
1481 3219 1626 3302 fluvium,
1650 3222 1707 3305 qui
1720 3223 1943 3289 Wlosiennica
1961 3233 2111 3288 vocatur.

420 3306 634 3388 .T⁸btr¹⁸m
649 3307 748 3372 ‘litem
762 3305 897 3375 lababit
913 3305 1049 3376 liberam
1063 3306 1099 3380 in
1113 3307 1201 3376 Villa
1217 3327 1316 3390 quan
1330 3307 1410 3386 lecit
1437 3315 1471 3374 at
1486 3303 1685 3378 Garniliaem
1698 3313 1733 3380 et
1747 3305 1924 3380 Pietatem.
1948 3306 2030 3380 Item
2044 3316 2113 3372 ιω.
2165 3375 2170 3382 ¹

444 3393 528 3492 dum
540 3391 715 3488 danaim
725 3389 859 3488 lababit
871 3389 911 3456 de
926 3390 1145 3490 proventibus
1161 3391 1382 3474 iudiciorum,
1399 3357 1483 3476 duos,
1499 3413 1561 3486 pre
1576 3390 1676 3490 nobis
1692 3389 1906 3490 reseruando-
1940 3389 2112 3466 Ecclesiae

446 3486 554 3568 etiam,
578 3495 676 3562 quam
690 3473 812 3545 ibidem
827 3483 1060 3555 construxerit,
1077 3499 1112 3540 ιιι
1127 3473 1237 3542 dotem
1261 3499 1361 3551 unum
1383 3477 1538 3548 Mansum
1561 3474 1701 3548 liberum
1726 3495 1943 3562 assignamus.
1979 3473 2113 3544 Gaude-

444 3561 526 3645 bust
541 3569 659 3635 autem,
672 3560 730 3642 qui
742 3559 843 3624 locati
857 3559 980 3624 luerint
992 3559 1027 3624 in
1041 3560 1169 3636 Mensis
1195 3561 1402 3644 praenotatis
1428 3560 1574 3626 sedecim
1599 3581 1771 3643 annorum,
1790 3561 1942 3645 plenaria
1951 3559 2114 3642 libertate,

447 3665 512 3730 qua
526 3653 673 3729 peracta,
688 3642 729 3708 de
745 3643 895 3726 quolibet
921 3645 1040 3710 Mauso
1067 3643 1164 3710 nobis
1186 3667 1249 3731 pro
1266 3645 1377 3712 Censu
1392 3655 1426 3710 et
1441 3646 1581 3710 Decima
1606 3645 1744 3710 solverit
1765 3643 1930 3714 annuatim
1950 3643 2115 3708 dimidiam

446 3729 595 3804 Marcam
609 3749 645 3790 er
671 3727 739 3795 enti
755 3736 788 3791 et
805 3729 900 3814 grani
912 3727 1056 3814 triplicis
1073 3751 1132 3794 sex
1147 3751 1334 3815 mensuras,
1351 3727 1417 3794 hoo
1427 3738 1502 3810 'est3
1521 3728 1788 3796 duas-mensuras
1804 3726 1934 3806 Tritici,
1962 3725 2045 3791 duas
2061 3725 2112 3792 Si·
2190 3759 2197 3772 ·

445 3811 569 3898 gillinis
585 3820 619 3874 et
660 3833 718 3876 uas
733 3833 864 3878 avenae.
900 3812 945 3878 Et
959 3828 996 3878 ut
1011 3813 1121 3886 omnia
1142 3811 1346 3904 praehabita,
1372 3833 1434 3877 nec
1461 3834 1529 3878 non
1554 3833 1668 3884 eornm
1697 3811 1746 3878 sin
1774 3809 1818 3880 ull
1840 3807 2029 3899 perenniter
2047 3833 2114 3875 ma·

929 3897 1099 3962 raesertim
1118 3897 1198 3980 (sic)
1223 3897 1377 3995 paginam
1403 3917 1504 3982 super
1523 3896 1607 3981 ipsis
1632 3913 1763 3960 consen
1788 3895 1799 3958 i
1823 3891 2064 3994 praecepimus,
2081 3905 2114 3962 et

445 3979 553 4060 nostri
575 3975 684 4066 sigilli
708 3975 879 4054 haraotere
895 3919 975 4064 gio)
993 3980 1131 4056 lecimus
1156 3981 1320 4131 insilpmri.
1354 3977 1487 4046 Datum:
1512 3979 1669 4046 Oswieeim
1684 3979 1718 4044 in
1732 3976 1775 4045 Vi
1802 3975 1904 4050 ’haA
1930 3975 2114 4050 ostoiorum

283 4131 358 4261 ss*
446 4147 554 4226 stibus
570 4146 626 4233 qul
641 4147 789 4228 ederant,
816 4147 1049 4244 infrascriptis,
1076 4147 1216 4223 seilicet:
1240 4149 1398 4222 Henrieo,
1427 4147 1596 4234 Stephano
1620 4145 1973 4228 Bassichich,dacobo
1989 4147 2113 4214 Zebro-

446 4229 586 4312 powich'
604 4231 737 4322 Boguta
750 4229 914 4298 Michaele
929 4231 1110 4316 venatore,
1127 4231 1302 4302 Gothardo
1317 4232 1474 4298 militibus
1491 4241 1524 4296 ot
1542 4229 1613 4300 aliis
1630 4252 1726 4328 quam
1744 4231 1904 4321 pluribus.

344 4373 349 4384 .
371 4395 378 4408 ο
550 4315 579 4398 ('
618 4317 725 4415 Opole,
741 4315 938 4396 Germanice
956 4317 1078 4409 Oppelu
1094 4317 1174 4392 urbs
1188 4317 1224 4402 in
1239 4315 1370 4401 Silesia,
1392 4317 1552 4383 territorii
1568 4325 1677 4402 caput.
1689 4333 1703 4356 ⁸
1731 4330 1747 4359 ⁰

450 4393 460 4416 ⁸
549 4401 579 4482 (8
618 4401 788 4478 Osuieeinu
803 4399 903 4466 hodie
918 4423 1056 4488 parvum
1072 4401 1231 4490 oppidum
1249 4401 1356 4488 Regni
1373 4397 1543 4482 Poloniao,
1562 4399 1728 4487 quondam
1745 4398 1882 4468 Silesiae
1898 4423 1986 4488 pars.
2088 4477 2096 4490 ,

562 4485 575 4524 ⁴
614 4487 752 4584 Mopr'la,
768 4485 846 4550 villa
861 4495 895 4550 et
910 4487 1144 4552 monasterium
1159 4507 1229 4560 non
1243 4485 1362 4584 procul
1377 4507 1397 4550 a
1412 4483 1585 4570 Oraooula,
1601 4505 1688 4553 nunc
1703 4485 1737 4554 in
1753 4483 1903 4560 Gallicis.
1971 4498 1980 4516 ·

565 4571 582 4664 ⁵·
615 4569 812 4673 Spptlcocice:
834 4572 922 4648 conl,
939 4571 1187 4645 annotationem
1202 4569 1300 4639 Tomi
1315 4569 1412 4656 hujus
1426 4590 1502 4666 pag.
1520 4571 1591 4638 121.

545 4797 580 4863 ω
595 4796 684 4851 lacis
693 4801 758 4866 laglt
767 4801 936 4869 hpkowkl,
946 4804 1109 4867 hauddubie
1120 4803 1200 4856 aaa
1209 4817 1276 4855 uass
1287 4799 1384 4866 incluti.
1413 4799 1461 4870 (Ἦ
1478 4801 1563 4866 Gestat
1574 4800 1696 4856 Paisos

1242 4064 1399 4132 stivitatis
1423 4062 1560 4130 Domini
1575 4063 1621 4130 M·
1638 4059 1750 4130 ΟΜ
1918 4063 2021 4126 ulnto.
2046 4063 2114 4129 'Pe-
2234 4121 2242 4130 .
