4890 5924
1158 693 1515 768 -eee-‘

447 898 718 984 Thertunieo
748 891 1070 1002 respondebunt
1102 891 1317 977 Scultetus
1351 919 1493 999 coram
1525 889 1649 976 nobis
1669 895 1863 978 verovel
1881 903 2025 980 nosne
2047 897 2130 981 Ju-

446 1021 541 1104 dice
578 1012 767 1127 generali
803 1012 905 1094 dum
941 1019 1087 1094 tamen
1122 1039 1200 1118 per
1235 1021 1425 1095 nostram
1459 1013 1647 1096 litterani
1681 1020 1826 1096 nostro
1846 1014 1967 1124 regio
1990 1015 2134 1126 sigillo

448 1137 677 1250 sigillatam
698 1132 858 1212 citatus
880 1127 1017 1230 fuerit,
1035 1137 1139 1210 tunc
1157 1130 1271 1212 dese
1289 1129 1611 1238 querelantibus
1633 1155 1710 1212 suo
1732 1129 1839 1222 dure
1857 1129 2130 1218 Thevtunieo
2180 1211 2186 1224 ‚

445 1254 659 1342 tenebitur
677 1247 958 1358 respondere,
981 1247 1132 1328 dantes
1155 1248 1335 1332 sculteto
1357 1257 1401 1330 et
1417 1248 1608 1335 scabinis
1630 1247 1725 1330 'ville
1744 1250 1939 1357 predicte
1960 1251 2004 1332 in
2025 1278 2129 1336 cau·

444 1378 502 1458 sis
523 1365 811 1455 criminalibus
832 1364 1031 1448 videlicet
1050 1361 1150 1446 furti
1172 1367 1393 1476 sanguinis
1414 1365 1628 1450 homicidii
1661 1368 1853 1472 superius
1877 1372 2129 1475 expressuri

445 1486 741 1578 sentenciandi
762 1483 1104 1596 condempnandi
1123 1484 1324 1590 puniendi
1345 1483 1526 1594 plenam
1547 1491 1598 1565 et.
1612 1485 1898 1588 omnimodam
1933 1493 2129 1592 potesta·

445 1622 544 1694 tem.
566 1615 615 1690 vt
636 1611 779 1688 autem
814 1599 919 1683 villa
943 1600 1148 1708 predicta
1168 1628 1218 1684 eo
1241 1602 1416 1684 celerius
1455 1602 1596 1693 valeat
1630 1601 1825 1686 collocari
1863 1603 2058 1687 omnibus
2082 1615 2126 1688 et

447 1726 626 1838 singulis
657 1717 960 1803 kmethonibus
992 1716 1183 1801 Sculteto
1200 1729 1248 1800 et
1267 1720 1416 1824 incolis
1455 1720 1647 1804 locandis
1667 1721 1831 1804 invilla
1851 1722 2045 1828 predicta
2066 1723 2124 1808 ab

448 1843 646 1933 omnibus
681 1838 839 1923 nostris
876 1835 1176 1918 exaccionibus
1219 1827 1406 1946 angariis
1427 1847 1471 1932 et
1490 1833 1755 1949 perangariis
1797 1839 1965 1923 collatis
1987 1848 2032 1920 et
2050 1841 2126 1921 tri·

445 1965 560 2048 batis
584 1959 638 2042 ab
661 1955 809 2039 anonis
833 1979 918 2059 que
940 1975 1008 2062 sep
1031 1953 1228 2037 dicuntur
1250 1982 1434 2040 necnon
1456 1956 1511 2038 ab
1534 1957 1799 2040 eliis-nostris
1831 1956 2124 2041 solucionibus
2159 1949 2167 1962 ”

448 2081 778 2191 quibuscunque
814 2071 1057 2153 nominibus
1089 2081 1344 2154 censeantur
1366 2085 1409 2155 ct
1430 2075 1610 2157 anostris
1634 2071 1732 2185 (sic)
1763 2065 1981 2185 regalibus
2002 2075 2125 2160 labo·

444 2198 563 2284 ribus
585 2224 611 2277 a
634 2189 1024 2300 datepresencium
1047 2188 1101 2268 ad
1123 2193 1316 2298 spacium
1335 2193 1486 2302 viginti
1508 2219 1714 2275 annorum
1736 2191 1953 2294 damus'et
1970 2221 2125 2277 conce·

447 2318 596 2400 dimus.
612 2311 790 2422 'plenam
813 2315 857 2386 et
877 2305 1161 2388 omnimodam
1196 2308 1448 2392 libertatem.
1500 2311 1552 2393 In
1589 2312 1710 2392 cuius
1740 2311 1801 2392 rei
1833 2311 2123 2393 testimonium
2227 2325 2233 2334 “

444 2432 634 2544 sigillum
669 2433 861 2510 nostrum
892 2423 1163 2529 presentibus
1196 2427 1390 2508 duximus
1413 2426 1756 2537 appendendum.
1807 2425 1964 2509 Actum
1985 2427 2029 2507 in
2049 2454 2124 2508 ca·

445 2563 533 2635 stro
576 2538 893 2627 tandistronazn
909 2542 950 2646 in
974 2541 1044 2622 die
1079 2546 1218 2624 sancti
1256 2541 1456 2632 francisci
1499 2544 1756 2630 confessoris
1797 2544 1922 2628 Anno
1965 2545 2121 2628 domini
2158 2561 2171 2592 ‘

443 2661 645 2752 MOOOL
677 2683 788 2743 nono
819 2657 1094 2742 Presentibus
1125 2661 1206 2769 hijs
1237 2661 1420 2743 testibus
1452 2663 1621 2746 domino
1643 2662 1871 2770 predwoyo
1894 2665 2120 2771 capitaneo

350 2809 363 2883 ἑ,
446 2780 684 2886 euianiensi
718 2777 1036 2884 Swetopeleone
1075 2775 1323 2861 Castellano
1346 2778 1580 2866 Siradiensi
1601 2777 1864 2864 Swentoslao
1888 2757 2121 2978 (yssdcte-

328 2892 356 2955 ,¹
443 2901 632 2988 eaurario
670 2895 838 2990 domino
871 2892 1119 3002 przedborio
1142 2896 1297 2978 herede
1321 2887 1373 2976 de
1395 2897 1522 2980 brzere
1544 2896 1612 3009 (ὅ).
1664 2897 1837 2980 Andrea
1860 2897 1974 2982 d‘cto
1997 2895 2121 2980 letale
2194 2905 2196 2912 '
2318 2878 2329 2899 ⁶

340 3031 345 3038 '
442 3017 649 3108 Peleaue
669 3009 862 3096 corcelecz·
881 3009 935 3124 (θ)
969 3019 1013 3094 et
1043 3011 1134 3094 aliis
1162 3017 1296 3124 qu'em
1329 3014 1515 3121 plurimis
1546 3014 1792 3126 fidedignis.
1845 3015 2006 3098 Datum
2042 3043 2120 3124 per
2209 3092 2219 3112 ,

443 3163 596 3223 manue
619 3130 777 3217 domini
798 3121 990 3239 danussij
1013 3129 1264 3241 (lancellarij
1289 3129 1587 3217 Orecouiensis
1610 3134 1628 3245 (
1648 3131 1678 3242 ).
2183 3155 2191 3166 ·

416 3497 425 3510 .
547 3456 590 3538 (⁴)
610 3450 813 3531 subteriore,
844 3443 1141 3516 subthesaurarius.
1157 3447 1258 3533 vulgo
1276 3447 1461 3530 Podelcarbi,
1473 3447 1595 3536 legitur
1609 3447 1644 3513 in
1661 3469 1763 3536 opere
1786 3449 1951 3518 historico
1962 3453 2031 3536 jam
2046 3453 2115 3515 leu-
2151 3471 2159 3488 ·

444 3543 534 3608 dato:
558 3525 707 3621 „Zrddla
722 3533 765 3598 do
782 3530 923 3616 dziejow
938 3529 1092 3614 polskich
1107 3531 1153 3596 M.
1170 3531 1250 3600 Gr.”
1266 3532 1286 3596 l.
1302 3532 1375 3615 138,
1392 3532 1465 3598 sub.
1486 3555 1515 3596 a.
1531 3534 1623 3598 1359.
2029 3567 2033 3578 «

451 3657 455 3662 -
546 3626 590 3709 (⁵)
614 3619 784 3688 Przadhorz
799 3614 839 3680 de
858 3615 993 3696 Brzezie,
1017 3613 1057 3680 de
1077 3615 1252 3696 Brzoeezr'n
1262 3621 1330 3703 jam
1353 3617 1545 3704 subdepiler
1561 3617 1787 3684 cracoviensis
1803 3615 1926 3703 legitur
1939 3639 1968 3682 e.
1985 3619 2066 3684 1367
2081 3619 2115 3682 in

440 3708 629 3800 privilegio,
645 3702 736 3788 quod
750 3699 902 3768 continet
928 3698 1140 3766 donationem
1165 3701 1306 3770 fontium
1321 3702 1400 3768 salis
1415 3701 1451 3768 in
1465 3699 1553 3768 villis
1570 3701 1668 3767 dictis
1686 3695 1815 3768 Nowica
1829 3711 1864 3768 et
1886 3703 1996 3788 Wtrop
2018 3703 2113 3782 (Ute-

439 3824 475 3866 ro
501 3797 515 3875 )
541 3815 561 3856 e
575 3789 738 3858 Casimiro
754 3807 874 3872 magno
891 3783 1011 3849 factam
1026 3783 1156 3860 cuidam
1171 3787 1275 3852 nobili
1290 3785 1324 3852 in
1340 3787 1458 3851 Russia
1475 3785 1585 3850 *rubra
1616 3786 1717 3864 (cons.
1740 3785 1937 3933 Hieropymi
1951 3783 2113 3866 Labeecii

440 3933 462 3962 „
500 3875 661 3945 drnictwo
678 3868 871 3970 ivPolsce,’'
887 3866 923 3932 id
938 3877 991 3967 est
1006 3889 1130 3967 corpus
1152 3871 1237 3953 juris
1263 3871 1417 3936 metallici
1446 3869 1596 3955 polonici
1624 3869 1819 3952 antiquioris
1893 3868 1937 3967 ll,
1953 3891 2028 3954 pag.
2039 3869 2112 3932 101.

439 3959 614 4034 Fratribus
623 3957 670 4055 ‘dc
687 3955 816 4020 Bracae
832 3975 891 4016 rex
907 3953 1086 4019 Cesrmrrus
1103 3953 1218 4020 urbem
1250 3957 1480 4024 lanekoronnm
1496 3955 1636 4022 donavit
1649 3961 1847 4020 testamento
1878 3953 1953 4024 ride
1969 3961 2110 4020 annota-

437 4051 565 4144 tionem
580 4061 718 4140 prrmam
733 4035 1144 4186 allhanllabfflaml’hanc
1161 4039 1210 4184 oll
1221 4061 1354 4106 causam
1368 4040 1488 4108 fratres
1502 4037 2003 4114 deBrzczte.Lenckcrcnenses
2019 4060 2112 4106 more

421 4133 601 4296 ‘'polcnppp
613 4123 766 4276 lllllebtdc
785 4123 1367 4290 Ildtcielllkldgoilllryaaplllllalldddiddl
1390 4207 1412 4272 l.
1432 4229 1464 4272 e.
1478 4207 1549 4274 snb.
1577 4231 1605 4274 a
1624 4209 1717 4290 1367,
1733 4207 1782 4274 uti
1812 4206 2004 4290 „Mersellro
2020 4199 2110 4292 eudo

199 4381 201 4388 Ι
299 4265 347 4366 ,Χ
426 4295 617 4390 ;regaliec·”
641 4289 801 4358 Kotcielec
814 4285 891 4352 villa
905 4287 1107 4376 parochialis
1123 4291 1386 4359 Miechoviensis
1401 4293 1562 4358 territorii
1578 4303 1612 4360 et
1628 4292 1917 4361 Sakalbmiriensis
1932 4291 2091 4381 regionis.

292 4467 312 4474 ..
348 4342 415 4425 b
545 4385 590 4468 (τ)
611 4379 760 4450 rennes
776 4371 817 4442 ae
835 4370 972 4456 snae,
988 4373 1097 4442 erotus
1115 4374 1300 4465 sectyuict

357 4490 381 4526 J
403 4457 441 4512 χ’)
