4930 5922
361 789 366 797 .
1086 703 1156 770 '·-··
1209 713 1281 790 llt
1333 749 1382 789 -.-

350 830 358 888 r
855 875 861 882 .
1421 881 1424 888 .

227 1007 232 1011 .
349 887 361 1013 l
400 919 575 1012 libertas
589 926 639 1008 in
658 913 811 1032 viginti
847 911 1029 1029 'quatuor
1060 943 1231 1003 mansos
1264 907 1482 1028 expirabit,
1502 909 1677 1025 reliquis
1696 911 1848 997 decem
1864 941 2082 1026 annorpm

345 1017 372 1197 ἶ)
403 1035 596 1128 dedimus
626 1042 683 1123 lib
691 1047 887 1138 ertatem,
911 1063 998 1146 qua
1017 1046 1195 1145 peracta
1216 1037 1326 1117 sicut
1346 1035 1430 1116 iam
1451 1025 1666 1114 soluentes
1698 1059 1874 1114 censum
1895 1033 1939 1116 e't
1960 1035 2075 1115 deci·-

401 1191 516 1246 mam
537 1155 697 1243 soluere
719 1147 977 1248 tenebuntur
997 1153 1080 1236 hoc
1104 1163 1169 1235 est
1190 1145 1243 1234 d'e
1266 1151 1459 1263 quolibet
1477 1177 1627 1254 manso
1649 1149 1865 1260 dimidiam
1886 1175 2076 1234 marcam

401 1278 569 1390 argenti
589 1285 635 1357 et
653 1275 776 1385 grani
805 1273 990 1380 'triplicis
1028 1295 1101 1352 sex
1136 1293 1356 1352 mensuras
1387 1267 1556 1350 soluent
1606 1268 1842 1370 annuatim,
1879 1267 2077 1350 videlicet
2204 1343 2207 1348 .

402 1397 508 1478 duas
540 1396 764 1476 'mensuras
793 1390 948 1492 tritici,
986 1388 1091 1468 duas
1128 1387 1327 1497 siliginis,
1349 1393 1394 1464 et
1415 1385 1522 1464 duas
1560 1411 1737 1466 avenae.
1789 1383 1847 1465 Et
1866 1393 1915 1464 ut
1936 1385 2079 1469 omnia

337 1499 340 1506 ’
400 1511 654 1621 praehabita
673 1502 877 1590 maneant
896 1505 1166 1615 perhenniter
1198 1499 1527 1610 incowlsarsio),
1563 1508 1831 1607 praesentem
1870 1503 2078 1611 pagiuam

401 1657 529 1740 super
549 1631 651 1737 ipsis
674 1625 884 1710 conscribi
905 1624 1082 1707 fecimus
1105 1631 1149 1703 et
1167 1622 1299 1703 nostri
1322 1618 1447 1730 sigilli
1469 1615 1719 1700 charactere
1740 1618 1939 1701 roborari.
1983 1619 2078 1700 Da·

399 1757 492 1828 tum
511 1745 711 1828 Raczibor
733 1742 800 1855 (⁴).
853 1739 980 1824 Anno
1001 1739 1157 1822 domiui
1178 1739 1396 1821 Millesimo
1418 1735 1723 1817 Ducentesimo
1747 1735 2078 1844 septuagesimo

401 1866 582 1972 septimo
614 1860 919 1944 Praesentibus
951 1858 1119 1962 domino
1143 1854 1342 1940 ‘Gotardo
1373 1853 1548 1936 Notario
1571 1851 1758 1952 Comite,
1780 1851 1952 1934 Jo'auue
1971 1850 2077 1932 Bar-

263 2035 265 2040 ·
401 1982 541 2064 thesio
562 1977 649 2061 filio
671 1980 760 2078 eius
783 1973 1079 2060 Wlosciborio.
1115 1972 1295 2078 fascone
1329 1969 1507 2074 comisa,
1543 1969 1735 2054 Jasoone
1757 1967 2012 2058 Zlothousth
2033 1979 2078 2050 et
2160 1995 2163 2004 ’

404 2098 493 2180 aliis
511 2123 640 2206 quarn
660 2093 864 2203 pluribus.

403 2289 443 2476 O·
481 2325 551 2474 li(⁴)
570 2321 908 2423 floriberfliacr'borz,
930 2321 1046 2405 (hodie
1074 2319 1162 2412 appd
1177 2320 1368 2390 Genucnos'
1385 2318 1559 2402 Ratitorls
1570 2317 1731 2402 oppidum
1749 2316 1783 2382 in
1800 2265 1937 2394 Silesia,
1961 2312 2079 2378 circuli
2129 2385 2131 2390 Α
2171 2356 2176 2365 .

319 2435 325 2442 ·
436 2431 479 2496 po
507 2429 609 2474 ensrs.

1196 2723 1295 2837 Lll.

725 2937 1040 3026 cracoviae
1052 2941 1185 3027 -22
1204 2941 1413 3033 Mar-tlt,
1441 2941 1577 3028 mr
1597 2959 1763 3024 anno.

409 3073 673 3216 literar-dus
694 3124 828 3198 romu
842 3125 1057 3214 etapium
1071 3125 1220 3198 erolum
1235 3125 1461 3212 tunorium,
1475 3123 1628 3214 quarm
1643 3139 1749 3196 unu
1761 3123 1911 3212 norrun
1930 3120 2081 3207 samm

469 3223 731 3312 metuemus
746 3226 857 3310 duur,
883 3225 1084 3316 euenum
1100 3225 1241 3300 luctus
1256 3225 1381 3300 loram
1411 3225 1620 3298 cornuum
1640 3225 1764 3296 mrum
1779 3224 1819 3298 n
1835 3242 1892 3298 ruo
1907 3225 2017 3297 balneo

1152 3329 1331 3416 pormt(¹).
1392 3441 1396 3448 ι
1535 3411 1539 3420 ,

507 3495 790 3580 Serenissime
816 3495 995 3592 ¹domine
1032 3495 1270 3609 Kungundl
1292 3497 1390 3611 (sic)
1414 3497 1482 3580 dei
1504 3498 1651 3608 gracia
1673 3497 1881 3582 Oracouie
1905 3510 1949 3582 et
1969 3497 2080 3585 San-

410 3615 582 3698 domirie
617 3614 773 3698 Illustn‘
808 3613 1005 3697 Ducisse.
1059 3613 1275 3700 Gerardus
1311 3607 1515 3699 Decanns
1539 3627 1581 3698 et
1602 3615 1845 3724 Capitulum
1873 3617 2079 3700 -Ecclesie

411 3729 706 3814 Oracouiensis
749 3731 994 3815 oracionum
1035 3733 1289 3816 instanciam
1327 3736 1597 3834 denotatum,
1631 3743 1674 3814 et
1702 3731 2078 3841 promptitudinem

409 3847 588 3929 fideliter
609 3847 832 3930 seruiendi.
869 3849 1043 3960 Regalis
1065 3861 1205 3934 vestre
1228 3851 1488 3934 celsitudinis
1511 3849 1755 3959 dignacioni
1775 3849 1936 3956 placuit
1956 3877 1983 3930 a
2002 3877 2081 3934 no*

410 3975 498 4047 stra
533 3965 745 4071 paruitate
780 3973 924 4071 petere
957 3967 1175 4078 quandam
1207 3997 1348 4052 aream
1386 3969 1479 4051 siue
1511 3965 1690 4079 fundum
1724 3964 1951 4068 Ecclesie,·
1970 3967 2082 4048 inter

388 4081 571 4164 ‘curiam
606 4080 782 4163 fratrum
817 4083 1024 4166 minorum
1046 4095 1090 4167 et
1106 4083 1247 4168 viriam
1284 4090 1554 4184 existentem,
1590 4084 1881 4166 commoditati
1901 4082 2078 4170 fratrum

318 4303 322 4310 ἦ
413 4199 621 4282 dictorum
640 4225 717 4306 per
737 4225 814 4282 nos
836 4201 1154 4308 applicandam,
1177 4214 1219 4286 et
1238 4229 1316 4288 nos
1337 4201 1579 4286 aliam-alibi
1600 4201 1852 4309 quantitatis
1889 4202 2081 4284 eiusdem

415 4315 664 4410 deberemus
686 4345 762 4424 per
782 4322 1160 4404 commutacionem
1183 4331 1422 4429 acceptare.
1455 4317 1589 4402 Nobis
1611 4327 1754 4400 autem
1770 4320 1920 4401 vestris
1938 4321 2082 4428 capel·

516 4563 561 4656 ·(¹)
581 4563 633 4628 Ex
651 4563 749 4630 arche
789 4585 834 4664 po
850 4567 1101 4633 membranaceo
1117 4569 1151 4632 in
1169 4567 1309 4651 quodam
1325 4567 1455 4652 privato
1473 4557 1881 4650 TabularioLeopoliensi
1896 4576 2080 4651 asservato,

416 4642 594 4740 descripsit
620 4647 761 4714 Slawiris
799 4695 808 4711 .
843 4650 997 4716 Funiculi
1015 4651 1139 4717 virides
1166 4651 1274 4716 serici.
1312 4651 1389 4716 Duo
1419 4660 1513 4715 eraut
1539 4649 1658 4737 sigilla,
1681 4672 1821 4734 quorum
1841 4652 1937 4718 unius
1957 4661 2083 4716 tantum

415 4725 574 4823 rehqurae
590 4741 767 4825 appareut3
785 4744 837 4800 est
853 4745 962 4800 autem
977 4757 1086 4818 cerea,
1101 4735 1135 4798 in
1150 4733 1254 4800 altera
1274 4744 1368 4820 parte
1418 4743 1521 4800 artem
1548 4734 1662 4820 templi
1676 4731 1915 4820 repraesentat,
1931 4737 1965 4801 in
1979 4735 2083 4802 altera

416 4831 510 4893 vero,
526 4831 700 4895 rmagmem
715 4838 879 4900 personae
897 4817 1067 4902 eujusdam
1081 4817 1269 4906 religiosae.
1293 4819 1332 4884 lu
1346 4757 1471 4886 ambitu
1485 4818 1591 4886 rerba
1602 4818 1692 4886 lectu
1705 4817 1936 4905 impossibilia
2006 4863 2009 4870 ,
2075 4857 2080 4868 ·
2161 4823 2167 4828 '
2198 4819 2223 4872 Γ
