4890 5924
1136 1313 1142 1322 ἱ
1204 1160 1299 1275 on

743 1379 1170 1498 chhomac-ss
1187 1373 1414 1519 accantati
1430 1411 1576 1548 1349
1605 1435 1770 1512 anno.

459 1591 737 1700 caulinis-ias
758 1631 1110 1718 amarmomini
1131 1599 1282 1701 atissa
1303 1649 1374 1701 aso
1394 1629 1542 1707 mnas
1556 1630 1587 1702 in
1600 1632 1675 1705 cua
1698 1577 1854 1722 Tyaaarl
1868 1634 1902 1704 'st
1915 1631 2039 1706 asom

980 1781 983 1785 -
1023 1729 1133 1802 thilon
1149 1729 1253 1802 totam
1268 1729 1412 1819 miscet
1426 1733 1479 1812 (¹).
1809 1771 1813 1776 -

521 1935 571 2020 In
592 1937 759 2022 nomine
780 1935 951 2042 Domini
973 1937 1124 2020 Amen.
1187 1935 1257 2052 Ad
1277 1945 1530 2045 perpetuam
1550 1937 1612 2021 rei
1632 1938 1892 2022 memoriam.
1925 1991 1933 2011 .·
1957 1935 2086 2038 Quod

416 2057 583 2165 Regum
605 2055 807 2164 Majestas
831 2052 1037 2156 decrevit,
1058 2053 1227 2136 firmum
1248 2063 1290 2135 et
1311 2053 1462 2136 stabile
1485 2081 1585 2136 esse·
1601 2053 1741 2140 debet.
1788 2055 1971 2138 Proinde
1993 2057 2083 2144 Nos

408 2173 646 2270 ¹Casimirus
667 2172 749 2256 Dei
772 2172 911 2280 gratia
931 2170 1025 2255 Rex
1045 2171 1266 2275 Poloniac,
1297 2170 1554 2278 Lithuaniae
1583 2171 1853 2283 Russiaeque
1875 2171 2089 2278 Deminus

417 2301 459 2376 et
478 2289 635 2392 Heres,
666 2288 846 2372 fundata
876 2288 1071 2372 Ecclesia
1100 2293 1247 2372 nostra
1277 2285 1654 2400 I'ymbarsoeasi(²)
1685 2287 1847 2398 lignea,
1884 2291 1993 2372 tituli
2013 2317 2080 2372 as·

262 2503 268 2518 ¹
415 2417 609 2517 sumptae
631 2407 791 2490 Mariae
813 2404 1018 2516 Virginis,
1051 2435 1161 2516 quae
1195 2407 1336 2490 dicata
1360 2415 1442 2509 est,
1473 2433 1550 2514 pro
1573 2433 1665 2516 qua¹
1682 2417 1725 2488 et
1744 2405 1925 2489 Rectore
1956 2407 2082 2492 scho-

294 2525 343 2634 θ’
412 2525 478 2608 lae
502 2525 692 2633 ejusdem
715 2523 1066 2634 T'ymbarsccnsis
1088 2525 1182 2606 talis
1205 2515 1450 2634 assignatur
1481 2525 1570 2608 dos:
1602 2523 1812 2632 Imprimis
1843 2523 1975 2618 habet
1995 2525 2082 2610 Rc-

415 2652 505 2740 ctor
532 2627 712 2724 'scholae
750 2651 922 2726 nostrae
960 2641 1313 2751 Tymbarscensis
1330 2637 1333 2650 ’
1350 2641 1556 2745 Missalia,
1593 2649 1763 2725 centum
1806 2643 2083 2752 septuaginta

415 2761 605 2871 quinque
641 2759 838 2869 siliginis,
877 2787 1040 2843 avenae
1076 2761 1269 2864 totidem,
1311 2768 1399 2842 tam
1436 2759 1497 2840 de'
1525 2758 1700 2867 praedio
1738 2768 1882 2844 nostro
1918 2759 2084 2870 Regali,

415 2905 546 2988 quam
567 2877 748 2959 subditis
772 2877 987 2980 omnibus,
1019 2907 1132 2988 quae
1154 2879 1235 2962 sibi
1254 2879 1367 2960 idem
1388 2877 1547 2962 R'ector
1567 2875 1741 2958 scholae
1765 2876 2083 2984 Tymbarscen-

285 3021 288 3028 ⁴
414 2997 471 3075 sis
493 2997 722 3107 quot-annis
742 3023 818 3104 pro
841 2995 949 3106 festo
982 2994 1026 3080 S.
1049 2995 1217 3080 Martini
1238 2995 1449 3104 pontificis
1469 2995 1658 3104 recipere
1681 2993 1822 3077 debet.
1874 2993 1982 3077 Item
2003 2996 2082 3081 ha·

156 3125 163 3141 ¹
283 3121 285 3126 '
352 3109 355 3112 ’
412 3112 489 3194 bet
527 3111 641 3195 idem
682 3112 840 3197 Rector
876 3113 1049 3204 scholae
1086 3113 1440 3225 Tymbarscensis
1478 3139 1606 3223 agros
1645 3109 1941 3194 cmethonales
1963 3111 2081 3216 duos,
2153 3141 2159 3152 ·

283 3291 285 3296 .
380 3224 663 3340 incipientes
699 3258 743 3312 se
776 3230 831 3314 ab
863 3232 1058 3315 Ecclesia
1101 3233 1252 3314 eadem
1290 3228 1644 3340 Tymbarscensi,
1680 3256 1897 3339 manuque
1935 3229 2082 3314 dextra

181 3345 184 3352 ’
327 3374 332 3382 ·
412 3349 636 3464 tendentes
658 3374 706 3428 se
726 3349 782 3430 ad
802 3350 968 3459 sylvam
1005 3350 1162 3432 dictam
1198 3347 1370 3458 Lopiai,
1409 3347 1584 3430 alterum
1621 3374 1721 3432 vero
1742 3346 2014 3454 incipientem
2034 3374 2080 3454 se
2184 3393 2186 3396 ·

414 3495 441 3548 a
456 3477 580 3578 tergo
615 3465 837 3560 Ecclesiae
868 3463 1043 3550 Zollesze
1065 3468 1244 3570 dictum,
1280 3467 1528 3548 tendentem
1551 3466 1606 3548 ad
1627 3466 1795 3572 sylvam
1823 3463 1963 3564 Latmo
1983 3491 2082 3573 pro·

268 3611 274 3622 ·
348 3603 359 3617 ·
410 3585 585 3668 tensive.
648 3585 757 3668 Item
793 3583 925 3668 habet
958 3585 1071 3667 idem
1107 3574 1266 3669 Recto'r
1307 3583 1479 3669 scholae
1526 3581 1882 3692 Tymbarscansis
1913 3591 2082 3694 pratum
2197 3599 2202 3606 ’

410 3703 520 3792 inter
542 3726 668 3814 agros
689 3700 942 3786 Plebanalcs
958 3691 1175 3810 jacentem
1197 3699 1308 3815 (sic),
1339 3730 1392 3783 ex
1428 3726 1513 3808 quo
1536 3700 1592 3781 ad
1614 3725 1814 3783 acervum
1834 3696 1947 3781 foeni
1966 3699 2080 3780 idem

315 3885 317 3892 =
411 3819 570 3908 Rector
592 3819 763 3904 scholae
785 3814 1144 3929 Tymbarscensis
1167 3820 1368 3930 colligere
1389 3817 1471 3902 sibi
1493 3817 1634 3901 debet.
1684 3816 1794 3900 Item'
1814 3812 1949 3897 habet
1966 3815 2080 3898 idem

410 3937 569 4022 Rector
599 3937 770 4022 scholae
785 3927 789 3936 ’
802 3935 1733 4047 Tymbarscensisliberampmpinationem
1753 3932 1796 4016 in
1816 3938 1962 4015 nostra
1981 3929 2085 4032 villa
2190 3985 2196 3992 -

411 4047 1472 4166 Tymbarscensi'tnmecemati-qssmcesevisiae.
1505 4051 1613 4134 Item
1633 4047 1768 4133 habet
1786 4049 1898 4132 idem
1919 4047 2079 4132 Rector

410 4173 587 4259 scholae
614 4170 970 4282 Tymbarscensis
985 4169 1195 4257 ‘subditos
1218 4163 1323 4275 tres,
1346 4173 1420 4280 qui
1439 4173 1482 4252 in
1503 4171 1742 4277 septimana
1763 4194 1837 4276 per
1859 4165 1950 4248 dies
1973 4165 2080 4249 duos
2116 4217 2121 4224 -

409 4293 601 4378 laborare
639 4290 810 4375 debent.
872 4289 983 4374 Item
1019 4291 1164 4396 hatem
1200 4290 1312 4371 idem
1343 4289 1502 4374 Rector
1532 4285 1705 4372 scholae
1727 4282 2081 4396 Tymbarscensis
2188 4371 2192 4384 ,

482 4613 484 4618 ,
514 4553 557 4634 (¹)
579 4551 657 4639 Apo
683 4549 812 4638 raphon
828 4549 869 4616 e'x
883 4549 995 4615 tabula
1011 4547 1164 4635 originali
1186 4547 1370 4630 alosepho
1386 4547 1614 4633 hepkowscio
1629 4544 1813 4611 habuimus.
2058 4623 2065 4639 .

174 4713 178 4719 ,
513 4633 554 4733 (¹)
580 4573 734 4724 Tymiork
756 4633 849 4718 -villa,
879 4645 1001 4720 postes
1030 4632 1187 4718 oppidum
1202 4632 1237 4697 in
1253 4631 1472 4732 Cnacoviensi
1511 4629 1679 4706 matinata,
1694 4628 1833 4782 talpone
1848 4625 2079 4732 ¹t‘lzchowenm,
2202 4685 2212 4698 ,

273 4775 276 4780 ,
408 4713 686 4892 gargglffi‘suae
703 4728 813 4808 caput,
829 4719 983 4804 adquam
999 4717 1195 4854 annonlss'lt,
1211 4715 1423 4801 peitmebant
1438 4737 1459 4780 v
1517 4735 1547 4784 cz
1577 4715 1696 4792 Jasaa,
1742 4713 1904 4808 odlopien,
1920 4708 2078 4776 chodto
2233 4833 2237 4841 ι
