4856 5932
1139 701 1416 799 -nu-

442 933 490 990 re
508 903 777 1016 presentium,
799 899 954 1014 quibus
977 902 1148 1014 expedit
1177 903 1385 991 uniuersis
1420 879 1704 1012 presentibus
1718 911 1762 986 et
1781 898 1932 990 suturis
1953 904 2104 990 harum

329 1021 333 1036 '
443 1027 645 1110 noticiam
666 1021 888 1107 habituris.
936 1019 1047 1124 Quia
1080 1021 1265 1107 exhibite
1301 1032 1402 1106 sunt
1436 1049 1579 1107 coram
1615 1021 1738 1108 nobis
1761 1022 1815 1107 ab
1837 1023 1984 1108 incolis
2027 1052 2105 1109 seu

346 1193 351 1200 ·
445 1143 712 1230 cmetonibus
732 1140 830 1226 ville
850 1138 1161 1226 Krzizonowiczc
1181 1143 1224 1225 in
1248 1135 1536 1252 Oapitaneatu
1570 1144 1612 1227 N
1613 1161 1692 1244 oye
1714 1141 1911 1244 Ciuitatis
1936 1140 2104 1244 Corczr'n

443 1266 554 1369 aitte,
578 1263 800 1348 occasione
823 1261 1103 1345 ordinacionis
1124 1287 1201 1344 seu
1223 1263 1538 1346 constitucionis
1554 1261 1751 1347 laborum
1766 1265 1875 1345 inter
1893 1265 2009 1373 ipsos
2030 1289 2103 1348 oo-

440 1385 556 1469 lones
579 1380 676 1497 (sic)
698 1390 740 1464 et
761 1389 976 1464 cmetones
1014 1380 1109 1464 ville
1135 1376 1424 1465 Crzr'zanovicze
1461 1389 1504 1462 et
1538 1383 1798 1496 prepositum
1833 1374 2023 1492 ipsorum
2053 1384 2105 1466 de

399 1513 402 1524 '
441 1502 601 1588 ibidem
622 1499 734 1585 facte
754 1527 831 1610 per
854 1496 1118 1585 Generosum
1155 1500 1370 1611 quondam
1390 1498 1788 1592 AlbertumMalslr'i
1809 1500 2104 1586 Oastellanum

440 1623 764 1708 Lanciciensem
786 1627 828 1702 et
849 1617 1132 1728 Capitoneum
1152 1620 1193 1704 N
1196 1647 1276 1702 ove
1299 1618 1497 1705 Ciuitatis
1516 1616 1688 1724 Corcaiu,
1725 1621 2101 1732 supplicatumque

442 1751 508 1826 est
528 1740 649 1827 nobis
669 1738 883 1823 humiliter
918 1740 1103 1847 ipsorum
1140 1739 1382 1824 colonorum
1418 1740 1600 1840 nomine,
1639 1749 1688 1824 ut
1724 1739 1896 1824 easdem
1928 1739 2099 1848 litteras

442 1860 702 1964 confirmare,
744 1856 993 1967 approbare,
1028 1855 1326 1966 ratificareque
1351 1885 1421 1941 eas
1445 1859 1732 1972 dignaremus,
1769 1885 1949 1973 quarum
1984 1869 2109 1945 tenor

441 1983 633 2094 sequitur
652 1977 910 2062 huiusmodi.
993 2005 995 2010 ’
1237 2055 1240 2061 ,
1924 2022 1928 2032 -
1976 2043 1978 2046 .
2106 2009 2109 2016 ’

453 2115 459 2124 “
550 2103 674 2184 1435.
692 2097 779 2181 Nos
789 2095 992 2180 Albertus
1004 2093 1157 2180 Malski
1167 2093 1437 2181 Castellanus
1454 2095 1742 2181 Lanciciensis
1759 2096 1964 2208 Magister
1972 2096 2101 2182 Curia

440 2218 604 2330 Regina
626 2216 810 2320 Polonie,
833 2215 1090 2299 Tenutarius
1111 2213 1471 2324 Dopschicaensis
1495 2226 1537 2299 et
1554 2214 1815 2326 Capitoneus
1837 2215 1959 2300 Nove
1982 2207 2099 2301 Ciui-

438 2337 552 2422 tatis'.
586 2333 887 2447 significamus
908 2343 1055 2418 tenore
1075 2336 1332 2444 presentium
1354 2335 1547 2420 omnibus
1571 2345 1614 2418 et
1633 2335 1813 2448 singuiis
1833 2335 2098 2444 presentibus

443 2466 486 2542 et
519 2456 669 2540 futuris
705 2453 903 2536 noticiam
937 2453 1195 2563 presentium
1230 2452 1437 2537 habituris
1472 2455 1714 2538 uniuersis.¹
1742 2449 1966 2554 Quomodo
2003 2481 2105 2538 cum

390 2641 392 2648 a
439 2575 606 2690 prouidi
628 2601 773 2659 omnes
812 2581 855 2655 et
885 2572 1041 2684 singuli
1078 2573 1279 2685 oppidani
1300 2575 1390 2657 siue
1430 2574 1567 2658 incole
1588 2574 1726 2659 tocius
1747 2571 1844 2657 ville
1866 2574 1956 2656 siue
1979 2573 2101 2684 oppi-

176 2706 179 2710 ’
324 2800 326 2806 ,
441 2695 485 2780 di
504 2691 818 2779 Krzizanorot'cz'e
838 2689 892 2804 (⁸)
930 2691 984 2774 ab
1006 2697 1093 2775 una
1132 2703 1174 2775 et
1207 2691 1482 2777 Honorabilis
1525 2721 1576 2776 ac
1618 2691 1863 2804 Religiosus
1906 2691 2101 2792 dominus

441 2811 633 2900 Thomas
654 2811 811 2910 ibidem
835 2811 886 2894 de
910 2809 1208 2895 Krzr'zonovr'eze
1228 2809 1466 2923 prepositus
1477 2841 1530 2897 ex
1543 2810 1889 2924 alterapartibus,
1905 2812 1950 2892 in
1968 2809 2013 2893 in
2022 2814 2101 2926 (sic

439 2933 525 3043 bis)
545 2930 761 3016 laboribus
776 2941 827 3013 et
845 2932 889 3013 in
911 2929 1000 3012 aliis
1022 2931 1079 3014 ad
1100 2931 1395 3015 obedienciam
1416 2930 1965 3042 iuridicam'pertinentibus
1993 2931 2102 3016 inter

441 3079 487 3136 se
524 3080 551 3134 a
584 3051 804 3134 retroactis
833 3047 1094 3158 temporibus
1132 3051 1487 3136 discordarentur.
1537 3051 1607 3135 Ita
1627 3061 1783 3157 tamen,
1820 3049 1937 3162 quod
1973 3049 2101 3136 amb‘e

441 3179 587 3283 partes
608 3170 800 3280 predicte
839 3169 884 3250 in
912 3168 989 3250 tali
1010 3169 1221 3254 discordia
1256 3171 1312 3252 ad
1343 3170 1594 3282 nossepius
1632 3169 1916 3274 confluebant,
1936 3169 2107 3252 literam

440 3289 745 3404 priuilegialem
766 3287 1053 3393 ostendentes,
1074 3290 1384 3402 cupientesque
1397 3299 1448 3372 et
1466 3298 1661 3398 petentes
1682 3299 1759 3404 p'er
1769 3315 1844 3374 nos
1856 3288 1960 3400 ipsis
1980 3289 2103 3374 urrio-

442 3438 539 3494 nem
574 3411 769 3496 laborum
807 3417 849 3489 et
869 3406 1043 3491 aliarum
1061 3405 1361 3496 discordiarum
1398 3409 1574 3494 inveniri
1593 3420 1635 3492 et
1649 3408 1874 3492 terminari.
1906 3407 2103 3492 Tandem

441 3556 518 3615 nos
538 3529 725 3640 ipsorum
746 3526 981 3635 predictam
1004 3526 1257 3613 discordiam
1276 3528 1589 3640 perpendentes
1628 3538 1671 3612 et
1707 3528 1820 3612 diem
1856 3535 2016 3612 certum
2038 3530 2102 3627 vi·

444 3649 596 3732 delicet
615 3649 707 3757 ipso
731 3646 798 3728 die
822 3645 920 3730 date
941 3649 1146 3756 presentis
1168 3648 1271 3758 ipsis
1304 3649 1586 3760 assignantes,
1623 3657 1666 3730 et
1686 3646 1952 3760 Magnifieos,
1986 3645 2123 3732 Stre--

440 3794 561 3868 nuos,
596 3795 646 3847 ac
667 3765 843 3850 Nobiles
879 3768 991 3852 viros
1012 3767 1210 3882 videlicet
1236 3764 1450 3858 loannem
1473 3767 1525 3848 de
1549 3767 1718 3880 Sprouro
1738 3766 1937 3852 Judicam
1960 3775 2003 3849 et
2021 3763 2101 3850 Jo-

442 3913 596 3970 annem
618 3885 780 3968 dictum¹
812 3885 1033 3968 Borutdoru
1064 3885 1116 3970 de
1140 3884 1271 3996 Conya
1305 3883 1573 3992 pubiudicem
1610 3897 1719 3969 terre
1749 3885 2100 3972 Sandomiriensis

442 4003 676 4117 generales,
697 4030 883 4087 necnon
904 4004 1075 4090 Petrum
1099 4003 1315 4090 Chelmski
1337 4004 1627 4092 Castellanum
1649 4005 1981 4090 Polaneecnsem
2001 4031 2102 4088 cum

441 4124 531 4210 aliis
552 4121 830 4230 infrascriptis
851 4123 1033 4204 testibus
1054 4133 1256 4206 vocantes
1293 4133 1337 4206 et
1369 4125 1612 4234 specialiter
1646 4134 1842 4236 petentes
1877 4123 2100 4210 nobiscum

440 4256 648 4356 tanquam
668 4266 744 4352 pro
767 4239 965 4325 tribunali
983 4240 1180 4346 residere,
1203 4250 1247 4323 et
1266 4250 1408 4352 partes
1445 4243 1542 4344 iam,
1561 4244 1698 4327 dietas
1732 4243 1777 4327 in
1807 4245 1995 4357 ipsorum
2016 4243 2106 4332 dis«.

442 4365 595 4448 cordiis
618 4359 817 4446 exaudire
839 4369 883 4441 et
903 4359 1104 4442 iudicare.
1167 4358 1292 4443 Tunc
1313 4359 1436 4446 nobis
1456 4362 1770 4472 presidentibus
1801 4357 1969 4468 iuditio,
2005 4389 2102 4472 pre·

267 4515 287 4530 ·
443 4482 545 4566 dicti
565 4481 703 4568 incole
726 4505 900 4564 causam
924 4478 1261 4592 ergadominum
1282 4483 1544 4596 prepositum
1564 4483 1907 4596 multiplicantes,
1936 4483 2100 4567 literam
2165 4575 2167 4578 ,

440 4601 649 4712 priuilegii
672 4612 713 4684 et
733 4603 866 4711 prime
888 4599 1171 4686 arbitrationis
1193 4598 1273 4684 sub
1294 4601 1464 4713 publico
1497 4603 1774 4688 instrumento
1797 4603 2101 4707 confirmatam,

545 4852 584 4934 Ρ)
608 4853 660 4920 De
675 4854 753 4920 villa
769 4856 1000 4943 Krzptanouict
1012 4855 1079 4941 jam
1094 4875 1205 4940 supra.
