4856 5932
1126 685 1401 762 -376-

438 893 572 980 fidelis
592 891 714 980 nobie
734 891 895 975 sincere
917 889 1056 976 dilecti
1075 888 1233 1002 peticio
1262 887 1509 975 continebat
1538 897 1761 1002 quotenus*
1784 889 1964 976 litteras·
1981 919 2084 978 sues

438 1015 560 1101 datas
574 995 701 1098 nobili
716 1009 833 1093 fideli
847 1021 990 1096 nostro
1013 1009 1167 1094 dilecto
1187 1009 1312 1094 Petro
1336 1008 1522 1096 Scolteto
1544 1009 1597 1092 de
1621 1005 1865 1121 Wycr'czcaay
1881 1008 1937 1124 (⁹)
1953 1037 2080 1122 super

332 1219 343 1236 ,
436 1161 550 1220 noua
568 1132 773 1216 locatione
799 1131 844 1214 iu
872 1127 978 1214 June
1014 1129 1284 1214 Theutunico
1320 1129 1419 1214 villa
1452 1126 1690 1212 Reductus>
1728 1141 1772 1214 et
1806 1129 2015 1216 Scolteeie
2036 1133 2078 1214 in

437 1253 583 1338 eodem
620 1249 867 1335 vendiciona
894 1279 971 1362 per
1004 1277 1100 1332 eum
1129 1250 1173 1331 in
1202 1247 1325 1333 bonis
1360 1247 1613 1334 Castellanie
1641 1275 1716 1332 sua
1737 1276 1870 1360 prope
1893 1247 2080 1360 Opidum

435 1381 624 1458 nostrum
643 1367 877 1454 Rolaclu'czc
898 1368 953 1484 (ὅ)
974 1367 1097 1454 factis
1117 1367 1326 1453 ratificara
1348 1365 1584 1481 approbare
1601 1375 1645 1451 et
1659 1368 1909 1454 confirmare
1925 1371 2080 1481 digna-

386 1505 393 1516 '
435 1518 574 1578 remur
594 1485 783 1591 Quarum
801 1489 1031 1574 litterarum
1052 1499 1171 1575 tenor
1197 1487 1251 1572 de
1270 1486 1400 1574 verbo
1433 1485 1685 1571 adverbum
1719 1491 1912 1601 sequitur
1943 1497 1987 1572 et
2018 1499 2085 1572 cst

438 1611 547 1696 talis,

731 1899 784 1983 In
804 1893 900 1982 villa
919 1896 1180 2010 Iwerzyce-
1193 1895 1254 1980 die
1279 1899 1301 1984 1
1326 1893 1521 1981 Janaaurc'a‘
1540 1901 1652 1982 1417
1673 1925 1788 1984 anno.

437 2131 570 2206 flaciaci
580 2131 618 2206 lla
630 2132 799 2217 amicto,
811 2131 997 2204 witland!
1008 2123 1265 2213 salamiensis,
1281 2125 1372 2203 lello
1386 2129 1519 2203 canuto
1534 2129 1572 2202 lla
1593 2131 1777 2223 Wiarczcuy,
1790 2131 1895 2206 villam
1907 2133 2086 2205 Badriaaoac

701 2231 770 2326 jara
785 2233 940 2306 aaronica
954 2234 984 2305 in
998 2233 1085 2306 tonia
1098 2233 1301 2306 castellaniae
1314 2251 1389 2307 suaa
1402 2233 1576 2321 locandam,
1597 2235 1752 2325 permittit
1771 2235 1825 2319 (⁴).

536 2441 587 2528 In
606 2444 773 2528 nomine
795 2442 951 2525 domini
972 2439 1119 2524 Amen.
1162 2440 1229 2524 Ad
1250 2449 1497 2552 perpetuam
1518 2443 1579 2524 rei
1599 2443 1843 2526 memoriam
1873 2442 2085 2530 Vniuersa
2194 2533 2205 2564 ι

437 2563 618 2674 negocia
656 2587 740 2669 que
778 2559 887 2662 fiunt
925 2567 1029 2670 aput
1065 2558 1162 2674 (sic)
1209 2561 1398 2646 homines
1439 2588 1494 2642 ne
1528 2560 1654 2671 lapsu
1689 2563 1889 2672 temporis
1925 2591 2085 2648 euane-

433 2689 557 2765 seant
590 2679 726 2764 solent
754 2679 985 2763 litterarum
1022 2677 1298 2780 cunctacione
1337 2705 1501 2764 necnon
1544 2706 1687 2762 aarum
1726 2682 1966 2767 testimonio
2006 2711 2082 2768 ve·

431 2800 563 2886 ridico
584 2799 864 2909 perhenncri·
898 2825 973 2880 seu
1010 2798 1211 2884 comuniri
1251 2799 1431 2883 Proinde
1467 2825 1543 2882 nos
1580 2797 1761 2883 Michael
1791 2800 1845 2883 da
1868 2797 2081 2912 Clamyeloao

436 2917 703 3006 Castellanus
723 2917 1083 3030 'Sandomiriensis
1129 2916 1320 3002 volentes
1364 2917 1551 3002 eiusdem
1597 2917 1934 3004 Castellancatus
1970 2920 2086 3004 vtili·

435 3047 546 3122 tates
580 3066 655 3148 per
691 3037 1039 3148 exstirpaeionem
1067 3035 1172 3119 silue
1193 3035 1452 3120 Bedriaclaow
1474 3039 1531 3119 ad
1551 3037 1688 3121 villam
1719 3035 1964 3150 Wyerczcny
1985 3067 2082 3149 per·

436 3157 605 3243 tinentia
628 3155 683 3238 ad
703 3157 917 3240 meliorem
954 3154 1134 3238 educere
1172 3156 1462 3239 condicionem
1496 3155 1638 3241 Nobili
1666 3185 1767 3242 vero
1802 3155 1929 3242 Petro
1960 3155 2082 3244 scol-

436 3284 526 3361 teto
569 3275 622 3358 de
664 3271 885 3386 Wyeczuny
927 3283 969 3355 et
1008 3275 1094 3358 auio
1134 3273 1361 3359 heredibus
1405 3273 1820 3384 Su'ccessoribusquc
1862 3277 2099 3390 legittimis.

436 3395 699 3483 vendidimus
722 3395 923 3478 dedimus
936 3403 978 3475 et
992 3393 1258 3503 presentibus
1280 3393 1545 3504 assignamus
1566 3399 1608 3480 in
1630 3395 1760 3480 fluuio
1784 3397 1895 3481 dieto
1914 3395 2084 3491 Br'atrza'·

437 3543 505 3600 cac
525 3514 579 3596 ed
599 3513 823 3598 locandam
844 3509 983 3596 villam
1004 3538 1157 3596 nouam
1179 3513 1298 3596 cuius
1315 3514 1502 3625 granicie
1526 3526 1568 3598 et
1587 3525 1700 3599 meta
1714 3515 1863 3626 incipit
1882 3545 1909 3598 a
1925 3543 2081 3628 querco

436 3631 665 3745 vulgariter
700 3627 922 3714 Rosaclsula‘
940 3627 1050 3713 dunch
1071 3632 1114 3714 in
1134 3629 1216 3715 fine
1237 3631 1332 3716 ville
1360 3627 1581 3745 Wpeczooy
1598 3633 1812 3720 nominate
1843 3635 1924 3720 sito
1960 3661 2086 3745 supc-

435 3755 523 3837 rius
544 3749 733 3835 localiter
752 3749 1020 3862 procedendo
1051 3779 1188 3864 vsque
1206 3751 1259 3835 aa]
1281 3765 1416 3836 ortum
1452 3751 1568 3864 fluuij
1608 3763 1650 3836 et
1679 3751 1733 3835 ab
1756 3763 1850 3838 ortu
1869 3753 1985 3861 fluuij
2006 3781 2082 3862 per

435 3867 585 3955 siluam
605 3869 862 3953 Badaisrlsozo
883 3873 968 3954 iam
991 3872 1147 3954 dictam
1167 3897 1300 3983 vsque
1323 3871 1377 3952 ad
1397 3872 1547 3956 limites
1569 3901 1645 3956 seu
1665 3881 1806 3984 partes
1828 3871 1923 3956 ville
1944 3869 2083 3956 Zurzc'·

436 4017 498 4076 cre
519 4015 617 4071 cum
639 3989 821 4099 granicjs
842 3989 938 4074 ville
958 3987 1118 4102 prefate
1149 3985 1391 4100 Wyerczany
1411 3989 1643 4102 vulgariter
1663 3992 1757 4102 dlye
1778 3987 1874 4104 (sie)
1890 3998 2010 4102 parte
2032 4017 2084 4075 ex

434 4120 614 4224 utraque
633 4133 709 4218 pro
732 4103 1054 4220 Quinquaginta
1073 4103 1226 4192 Marcis
1248 4109 1413 4193 monete
1432 4109 1476 4190 in
1496 4111 1650 4223 Regno
1671 4111 1852 4196 Polonie
1880 4111 2083 4194 currentis

538 4343 577 4426 (²)
598 4340 706 4410 Unam
720 4337 829 4404 villam
841 4337 955 4407 similis
970 4337 1109 4405 nominis
1124 4333 1305 4441 Wicrciccp‚
1320 4339 1501 4406 invenimus
1517 4343 1551 4408 in
1567 4343 1700 4426 antiquo
1717 4339 1894 4412 Pilznicnsi
1903 4343 2081 4424 territorio,

435 4431 470 4496 in
483 4429 640 4516 parochia
656 4445 734 4493 vero
750 4424 848 4490 villae
862 4423 1016 4493 Ncclcwc
1033 4429 1153 4508 (1670),
1170 4445 1256 4490 nnnc
1270 4444 1305 4492 rn
1319 4423 1468 4492 Gallicis„
1499 4429 1536 4492 ln
1552 4428 1663 4494 tabula
1689 4430 1861 4498 Michaelis
1889 4451 1987 4516 saepe
2004 4429 2081 4494 cha·

436 4524 542 4664 ragter
554 4541 579 4663 l
586 4514 619 4580 in
635 4513 765 4580 nomine
780 4509 875 4577 villae
892 4509 1062 4592 omittitur3
1077 4521 1111 4578 et
1125 4512 1211 4578 hanc
1230 4511 1271 4578 ab
1287 4535 1421 4580 oausam
1431 4511 1572 4602 legimus,
1594 4537 1655 4602 pro
1679 4517 1876 4606 Wperczoeap,
1903 4516 2084 4604 Wyrczcapr

439 4619 473 4663 Π
496 4621 762 4771 θιῖῢηίἰοὸοτμσι,
780 4681 936 4770 oppidum
952 4680 1214 4749 sandomiriensis
1228 4679 1304 4746 olim
1318 4681 1519 4769 provinciae,
1542 4706 1628 4750 nunc
1644 4681 1678 4749 in
1694 4683 1844 4767 Gallicis.

540 4767 581 4847 (⁴)
600 4766 652 4831 Er
664 4767 844 4855 archetypo
858 4789 1069 4854 pergameno,
1085 4765 1188 4851 (quod
1203 4765 1259 4832 ubi
1274 4767 1327 4844 sit,
1342 4767 1529 4850 nescimus),
1545 4767 1720 4855 descripsit
1734 4767 1924 4837 Slawiirski.
1934 4765 2082 4856 Sigillum

437 4852 540 4928 deest,
551 4849 608 4918 sed
619 4853 720 4936 majus
734 4863 813 4932 enat3
834 4854 978 4920 taeniola
991 4862 1115 4920 tautum
1131 4853 1235 4919 serica
1247 4852 1333 4940 nigri
1347 4863 1382 4918 et
1396 4852 1461 4920 albi
1477 4852 1597 4923 coloris
1611 4875 1700 4924 nunc
1712 4865 1861 4943 apparet.
