4856 5932
1168 681 1444 758 -310-

414 869 422 886 ’
484 887 621 998 ipsum
643 896 685 970 et
707 886 794 967 eius
818 904 1082 968 successores
1115 911 1140 964 a
1162 880 1355 996 qualibet
1384 907 1565 991 persons
1586 875 1617 962 J
1619 879 1705 962 nris
1726 875 1873 984 ordino·
1890 878 2035 964 merite
2057 878 2132 962 de·
2173 873 2179 884 ’

486 1005 605 1090 bebit
625 1004 873 1087 interuenire
895 1009 938 1086 et
957 1003 1226 1112 indempnem
1250 998 1347 1114 (sic)
1368 999 1556 1083 reddere.
1603 996 1712 1083 (lum
1732 1005 1875 1081 eutem
1897 999 1988 1106 ipse
2007 1027 2130 1084 secus

484 1124 646 1226 fecerit,
666 1123 833 1206 Extunc
863 1121 1164 1234 quodcumque
1186 1121 1418 1232 dampnum
1437 1117 1557 1202 Idem
1579 1115 1771 1202 dominus
1791 1117 2004 1204 Nicolaus.
2025 1119 2133 1206 foret

484 1241 631 1326 exinde
671 1249 912 1343 assecutus,
942 1239 1022 1323 hec
1045 1243 1184 1324 omnia
1206 1239 1390 1348 dampna
1408 1241 1451 1322 in
1472 1239 1609 1348 ipsum
1629 1236 1894 1322 Marcissium
1916 1236 2132 1324 debebunt

481 1355 2133 1470 reddundnre(sic).Incuiusreitestimoniumetmelioremeuidencicm,nostrc

480 1479 745 1591 presentibus
767 1479 904 1589 sigilla
925 1488 1024 1561 sunt
1045 1506 1246 1588 appensa.
1276 1476 1436 1560 Datum
1459 1471 1684 1560 Setidlouie
1703 1473 1807 1559 feria
1826 1478 2015 1560 secundo
2034 1503 2132 1586 pro·

481 1599 593 1682 xima
613 1608 711 1707 post
731 1607 925 1682 octavam
949 1595 1095 1683 Sancti
1116 1595 1146 1681 J
1149 1597 1321 1682 ohannis
1344 1594 1557 1706 Baptiste‚
1586 1595 1709 1680 Anno
1732 1595 1888 1680 domini
1909 1595 2130 1681 Millesimo

483 1719 899 1828 quadringentesimo
930 1726 1082 1802 octavo
1113 1715 1384 1800 Presentibus
1416 1715 1495 1825 hijs
1527 1715 1707 1801 testibus
1727 1712 1949 1800 Nobilibus
1969 1715 2067 1800 viris
2090 1725 2133 1800 et

482 1835 658 1920 dominis
679 1834 709 1919 J
712 1836 896 1919 aschone
917 1835 971 1920 de
992 1832 1136 1921 lubeca
1143 1897 1154 1937 ,
1176 1833 1393 1921 daschone
1415 1836 1466 1918 de
1490 1829 1677 1918 Cruscow.
1708 1833 1931 1920 Pcsohone
1953 1834 2004 1917 de
2028 1835 2130 1920 ΤΙιο-

483 1966 642 2058 lussow,
665 1955 832 2038 henrico
855 1954 906 2038 de
926 1953 1101 2056 ibidem,
1134 1954 1345 2041 Stanislao
1370 1953 1421 2037 de
1451 1949 1686 2054 Wirzdicza,
1724 1951 1947 2039 Prothslao
1970 1953 2023 2038 de
2043 1952 2131 2039 Ibi·

484 2073 579 2156 dem
600 2059 825 2157 heredibus
846 2083 890 2156 et
910 2073 1001 2184 alijs
1022 2075 1357 2186 quamplurimis
1378 2069 1617 2183 fidedignis.

1245 2561 1373 2684 CXC.

741 2771 1073 2936 Gronovius,
1100 2840 1192 2924 dte
1216 2838 1692 2942 resurrectum
1719 2861 1889 2945 anno..

518 3041 811 3150 vladislaus
831 3077 953 3170 sardo
973 3093 1038 3166 ror,
1050 3077 1117 3151 urbi
1137 3077 1239 3154 suun
1260 3076 1426 3154 sudreie·
1445 3078 1638 3171 l’rirllsginn
1652 3077 1733 3174 jnir
1746 3028 1894 3155 testudo!
1913 3077 2042 3172 lustu
2057 3083 2109 3166 (¹)-

581 3300 632 3385 In
651 3302 817 3420 nomine
845 3301 1015 3386 Domini
1039 3301 1188 3386 Amen.
1240 3303 1308 3388 Ad
1343 3313 1591 3416 perpetuam
1618 3305 1679 3388 rei
1706 3306 1963 3392 memoriam.
2016 3303 2128 3406 Quia

480 3432 581 3506 tunc
602 3421 742 3504 multis
764 3448 948 3506 errorum
969 3431 1011 3504 et
1032 3419 1253 3507 dubiorum
1280 3425 1555 3510 incommodis
1591 3424 1821 3534 prudenter
1857 3428 2127 3533 occurrimus,

480 3540 580 3624 dum
601 3548 728 3652 gesta
762 3541 886 3623 etatis
921 3549 1061 3626 nostre
1096 3541 1306 3627 literarum
1342 3543 1534 3654 apicibus
1570 3551 1613 3626 et
1645 3543 1817 3628 testium
1853 3547 2124 3632 annotatione

477 3660 797 3768 perhorremus,
818 3659 997 3745 Proinde
1017 3661 1105 3746 Nos
1127 3659 1365 3747 Vladislaus
1400 3662 1484 3746 Dei
1520 3663 1658 3776 gratia
1686 3663 1779 3750 Rex
1799 3663 1997 3750 Polonine
2017 3663 2125 3775 Lyt-

479 3777 720 3894 huanieque
747 3777 953 3889 Princeps
974 3777 1204 3891 Supremos
1228 3792 1272 3866 et
1290 3784 1425 3868 Heres
1448 3781 1600 3868 Russie
1623 3793 1703 3885 etc.
1738 3782 2039 3894 Significcmus
2060 3792 2125 3866 te-

480 3921 581 3980 nore
602 3899 867 4005 presencium
889 3898 1043 4007 quibus
1066 3901 1237 4008 expedit
1256 3903 1461 3986 universis
1482 3901 1748 4011 presentibus
1772 3900 1996 4008 obfuturis,
2026 3930 2124 4012 pre-

481 4014 670 4116 sencium
688 4016 886 4100 noticiam
908 4017 1135 4102 habituris:
1170 4015 1296 4118 Quod
1318 4023 1537 4131 cupientes
1558 4023 1740 4108 civitatis
1760 4029 1901 4106 nostre
1922 4005 2127 4104 Nouer'an·

482 4135 570 4220 deoc
591 4130 645 4248 (²)
667 4132 957 4218 condicionem
978 4165 1143 4222 exnunc
1163 4137 1254 4221 fieri
1274 4139 1507 4245 meliorem,
1537 4143 1712 4256 ejusque
1742 4139 2062 4253 oppresionibus
2083 4149 2128 4224 et

481 4471 505 4540 k
583 4389 623 4489 (J)
645 4387 698 4454 Ex
713 4386 894 4476 archetypo
919 4388 954 4454 in
977 4339 1254 4456 tabulario'urbis
1281 4389 1392 4458 Novae
1418 4389 1599 4460 Sendecise
1625 4403 1807 4476 asservato,
1840 4392 2017 4480 descripsit
2038 4393 2127 4480 bep-

506 4473 628 4641 owsdd)
649 4560 747 4627 Anno
764 4561 855 4626 1412.
878 4557 1064 4628 Vlcdisleus
1093 4583 1150 4626 rex
1170 4559 1285 4628 habuit
1300 4561 1412 4630 Novae
1438 4561 1618 4632 Sendecice
1645 4561 1845 4647 colloquium
1866 4584 1941 4630 eum
1956 4563 2127 4644 Semovito

483 4639 564 4707 duce
579 4641 745 4712 Mesoviee
760 4655 793 4712 et
806 4644 1016 4740 Sigismundo
1035 4643 1194 4714 Coributo
1210 4669 1287 4734 rege
1302 4647 1489 4726 Bohemine‚
1519 4671 1595 4714 cum
1616 4647 1752 4716 ducibus
1783 4647 1919 4716 Silosiee
1947 4659 1981 4716 et
2008 4647 2129 4737 legetis

483 4725 688 4879 {plbepplporis
702 4732 921 4799 Romanorum
947 4729 1155 4820 sigismundi.
1173 4731 1265 4802 Nova
1279 4733 1443 4814 scudasia,
1459 4733 1537 4803 urbs
1552 4732 1783 4802 cracoviensis
1798 4733 1998 4821 provinciae,
2027 4733 2126 4802 hodic

621 4837 682 4880 crs.
1938 4840 1940 4846 ’
