4890 5924
1100 1425 1214 1542 Cili.

417 1816 420 1825 .
546 1773 550 1781 ,
621 1691 1031 1786 wincestre-24
1048 1671 1351 1778 Februarii
1366 1693 1511 1784 1354
1526 1715 1693 1785 anno.
1809 1693 1811 1698 ’

265 1999 267 2005 ι
318 1941 449 2020 bonetto
471 1891 639 2016 stultam
653 1939 684 2012 in
698 1881 772 2010 villa
788 1937 995 2028 Struqoezyee
1010 1955 1063 2027 per
1078 1939 1225 2010 Joemem
1239 1939 1388 2018 litetur
1403 1941 1596 2022 turrensem
1618 1941 1703 2015 nou
1719 1941 1873 2018 smum
1887 1947 1985 2019 mi.

333 2095 335 2100 ,
671 2041 733 2112 teri
747 2057 816 2114 run
831 2037 1017 2127 sortitione,
1036 2043 1073 2114 ut
1086 2038 1252 2132 ilemjura
1266 2036 1424 2116 nunnius
1438 2043 1556 2115 locaret
1578 2046 1630 2126 (¹).

277 2307 283 2318 ·
420 2273 472 2356 In
493 2272 662 2354 nomine
682 2269 855 2354 Domini
884 2268 1035 2352 Amen.
1089 2267 1214 2354 Omni
1245 2272 1483 2356 calumniae
1520 2275 1649 2356 ianua
1683 2273 1985 2387 praecluditur,

316 2391 360 2472 id
383 2389 500 2498 quod
521 2391 667 2498 scripti
687 2395 893 2496 perpetuo
915 2387 1155 2472 testimonio
1191 2389 1428 2474 roboratur.
1491 2389 1629 2500 Igitur
1648 2393 1844 2479 noverint
1864 2421 1989 2500 prae-

318 2517 460 2590 sentes
483 2515 526 2587 et
546 2506 676 2589 futuri
700 2504 828 2604 Quod
849 2505 938 2588 Nos
961 2501 1151 2588 Joannes
1188 2507 1347 2590 Divina
1381 2509 1650 2590 miseratione
1681 2503 1831 2592 Abbas
1856 2499 1990 2620 Tyni·

273 2639 290 2652 ““
319 2621 464 2707 censis·
480 2617 649 2706 Ordinis
674 2622 821 2707 Sancti
842 2621 1172 2731 Benedictiuna
1194 2654 1290 2718 cum
1314 2624 1539 2708 Conventu
1570 2636 1714 2707 nostro
1759 2625 1991 2736 Cupientes

319 2741 433 2826 bona
468 2733 716 2850 Monaste'ry
731 2741 871 2823 nostri
894 2737 1116 2846 ampliare,
1139 2743 1195 2824 ad
1215 2743 1463 2852 petitionem
1498 2740 1770 2828 Honorabilis
1791 2741 1880 2825 Viri
1900 2741 1992 2828 Do-

201 2907 202 2912 *
317 2861 420 2942 mini
439 2859 645 2942 Hermani
666 2859 956 2944 Procuratoris
978 2857 1150 2942 Domini
1171 2857 1305 2975 Regis
1323 2868 1365 2940 et
1379 2859 1617 2968 Praepositi
1639 2855 1992 2945 Sandomiriensis

279 3001 283 3008 ·
318 2960 721 3060 necnon'Oanonici
754 2976 1049 3060 Oracoviensis
1082 2977 1248 3060 Damus
1280 2977 1456 3090 provido
1477 2979 1567 3061 viro
1590 2975 1802 3061 Stanislao
1827 2976 1993 3062 Sculte-
2139 3007 2145 3016 ’

320 3097 423 3177 tiam
444 3097 488 3176 in
510 3093 592 3176 tine
616 3093 872 3206 Stre-pompe,
907 3093 1041 3203 gades
1073 3099 1215 3178 novae*
1241 3095 1518 3206 plantationis
1541 3096 1646 3198 sint,
1676 3093 1752 3178 ubi
1782 3093 1992 3182 Dominus
2065 3153 2068 3162 ·

324 3211 639 3296 demonstravit-
663 3209 813 3294 Abbas
852 3211 989 3292 eidem
1027 3209 1242 3296 Stanislao
1265 3216 1321 3296 ad
1341 3213 1572 3296 locandum
1603 3211 1708 3298 Jure
1731 3211 1992 3322 Maydebur·

321 3331 467 3443 gensi,
502 3331 737 3438 ipsumque
758 3328 1037 3415 'Stanislaum
1070 3329 1311 3414 Scultetum
1332 3341 1407 3414 aut
1427 3357 1526 3416 suos
1549 3328 1828 3414 Successores
1849 3331 1993 3447 legiti-

318 3473 411 3529 mos
432 3444 611 3528 facimus
632 3449 676 3528 in
698 3445 848 3530 eadem
878 3447 1093 3530 locatione
1115 3477 1190 3557 per
1203 3459 1477 3558 praesentes,
1499 3447 1575 3536 tali
1597 3449 1837 3534 conditione
1860 3475 1992 3562 appo·
2072 3439 2078 3448 ’
2148 3543 2152 3554 .

319 3563 566 3673 sita„qu0‹i'
582 3564 694 3648 idem
717 3563 956 3649 Stanislaus
981 3563 1198 3647 scultetus
1220 3567 1464 3675 praedictus
1498 3574 1711 3678 quotquot
1746 3565 1890 3647 laneos
1911 3561 1992 3653 ibi·
2026 3588 2028 3592 ’

215 3747 218 3756 ,
319 3681 415 3765 dem
437 3692 525 3766 tam
541 3684 585 3762 in
603 3681 720 3766 silvis
743 3711 873 3796 quam
895 3683 1021 3765 etiam
1038 3683 1080 3764 in
1099 3683 1220 3766 cultis
1244 3686 1357 3795 agris
1371 3686 1518 3794 ¹locare
1540 3681 1695 3794 poterit
1716 3679 1820 3768 Jure
1843 3679 1992 3776 Theu·
2072 3735 2083 3742 -

317 3799 479 3900 tonica,
502 3796 678 3884 habebit
698 3801 867 3914 plenam
892 3811 935 3886 et
956 3801 1241 3888 omnimodam
1273 3798 1445 3887 locandi
1476 3805 1745 3912 potestatem.
1807 3797 1991 3888 Ratione

317 3947 417 4002 vero
453 3919 676 4008 locationis
713 3945 790 4027 pro
827 3949 904 4004 suo
942 3927 1089 4008 aratro.
1122 3920 1227 4002 duos
1263 3917 1633 4028 mansorliberos,
1654 3943 1786 4001 unum
1805 3919 1850 4004 in
1871 3917 1990 4020 silva,

318 4037 554 4120 secundum
574 4039 617 4118 in
641 4035 762 4118 cultis
786 4039 902 4149 agr-is
926 4035 1115 4121 habebit.
1177 4035 1341 4128 Damus
1364 4040 1491 4120 etiam
1513 4036 1758 4145 saepedicto
1775 4033 1990 4128 Stanislao

238 4211 242 4220 ·
318 4152 516 4238 Sculteto
540 4165 584 4237 et
604 4155 691 4236 suis
713 4155 916 4266 legitimis
941 4153 1272 4239 Successoribus
1295 4157 1350 4238 ad
1370 4156 1596 4239 locandam
1631 4153 1873 4259 tabernam,
1894 4151 1987 4243 Μο-

317 4271 558 4375 lendinum,·
576 4273 771 4360 Mensam
793 4301 952 4383 panum
974 4281 1017 4356 et
1039 4271 1260 4377 sutorum,
1291 4277 1463 4356 tertium
1502 4274 1718 4355 denarium
1742 4273 1793 4353 de
1816 4269 1846 4353 J
1851 4269 1987 4354 udicio

264 4483 268 4494 ¹
316 4391 656 4502 provenientem,
673 4418 748 4499 pro
769 4391 893 4476 nobis
916 4390 1084 4475 duobus
1104 4393 1343 4474 reservatis.
1376 4391 1436 4475 Ut
1458 4399 1599 4473 autem
1620 4390 1859 4498 praemissa
1873 4386 1989 4469 loca-

315 4509 374 4591 tio
396 4503 564 4590 facilius
594 4507 687 4592 fieri
716 4509 857 4594 valeat
866 4539 880 4615 ‚·
918 4509 1112 4604 omnibus
1135 4518 1178 4590 et
1199 4509 1377 4621 singulis
1401 4505 1682 4604 Ometonibus
1704 4515 1780 4589 aut
1799 4503 1990 4606 Villanis,
2041 4615 2052 4634 ·
2110 4503 2115 4510 ’

419 4821 464 4904 (¹)
485 4819 721 4912 Apographon
736 4847 757 4892 a
770 4824 923 4913 Josepho
938 4823 1164 4912 nepkowsoio
1179 4821 1366 4895 habuimus.
