4952 5926
953 791 1514 862 „dl-¹

440 988 499 1074 ad
517 1017 619 1076 usus
641 954 808 1074 nostros
827 987 900 1098 uel
917 959 1121 1072 nobilium
1141 1018 1168 1071 a
1187 943 1315 1074 nobis
1341 988 1761 1078 irrbeuefioistorurn..
1779 997 1851 1080 uel
1876 1007 2045 1084 eetero-

439 1138 533 1194 rum
555 1103 808 1194 officialium
804 1089 1051 1215 spectante.
1072 1107 1143 1190 uel
1155 1107 1341 1190 utilitate
1352 1109 1590 1193 secundum
1605 1123 1774 1196 morem
1785 1123 1895 1201 terre
1916 1119 2047 1225 perti-

440 1237 568 1310 ncnte
599 1225 669 1309 uel
700 1235 991 1308 accrescente·
1002 1225 1093 1308 hec
1116 1233 1354 1306 statuentes
1388 1229 1572 1336 nequis
1602 1232 1943 1336 prenominatam·
1972 1236 2048 1320 do-

439 1372 555 1427 mum
564 1343 847 1454 aliquomodo
867 1333 1095 1452 superbiis
1121 1329 1297 1424 iusticiis
1325 1343 1396 1428 uel
1416 1347 1795 1434 consuetudinibus
1825 1352 1902 1432 uel
1931 1361 2048 1436 ιἰιιι-

439 1460 716 1546 meditatibus
747 1489 835 1573 que
866 1463 962 1543 usui
991 1488 1117 1570 regm
1104 1460 1205 1542 uel
1223 1439 1426 1559 nobilium
1447 1464 1517 1546 uel
1537 1475 1772 1576 ceterorum
1803 1479 2047 1576 competere

439 1578 694 1666 vrdebantur
705 1580 894 1661 audeant
905 1577 1109 1690 (?)1mpe
1110 1605 1180 1660 ere
1200 1578 1271 1660 uel
1277 1605 1501 1687 grausre.
1499 1582 1587 1664 uel
1607 1609 1661 1662 ea
1682 1611 1767 1692 que
1784 1613 1832 1666 a
1829 1586 2022 1668 nobis
1988 1615 2046 1670 ers
2083 1598 2088 1607 '
2137 1609 2154 1632 ·
2309 1575 2325 1602 ⁰

439 1721 648 1781 concessa
668 1697 793 1778 sunt
781 1703 824 1778 ru
844 1697 1005 1779 irritum
1023 1723 1239 1780 reuocare.
1281 1695 1374 1815 Ubi
1388 1707 1531 1780 autem
1554 1723 1626 1784 eos
1648 1698 1703 1782 ab
1726 1704 1840 1784 omni
1859 1705 1948 1786 iure
1971 1733 2048 1814 ge-

426 1815 637 1904 ,nernliter
657 1813 915 1898 absoluimus
936 1822 1109 1898 nonest
1128 1839 1308 1896 necesse
1336 1818 1385 1895 ut
1367 1815 1467 1896 tde
1489 1818 1675 1925 aliqua
1663 1819 1763 1902 ruris
1797 1823 1941 1928 specie
1973 1822 2049 1904 ali·
2081 1851 2084 1858 ’

439 1934 536 2044 quis
572 1933 838 2044 questionem
875 1932 1036 2014 debeat
1052 1959 1237 2014 mouere.
1268 1929 1522 2014 Addidirnus
1561 1935 1693 2016 etiam
1729 1939 1848 2045 quod
1870 1938 2046 2022 firmiter
2154 1967 2158 1986 ¹

439 2051 683 2132 sanccimus
717 2051 834 2158 lpsos
857 2055 900 2131 ιι
917 2078 1064 2134 eorum
1095 2050 1288 2134 homines
1319 2077 1395 2158 pro
1428 2051 1629 2134 thelonea
1657 2061 1926 2138 transeuntes
1955 2058 2048 2141 nul-

435 2167 524 2252 lum
545 2161 664 2250 dare
660 2168 918 2278 passagium
937 2195 1014 2277 pro
1037 2169 1200 2276 seipsis
1220 2168 1291 2250 uel
1308 2195 1385 2276 pro
1408 2168 1621 2277 aliquibus
1647 2168 1774 2254 rebus
1796 2172 1852 2252 ad
1875 2173 2046 2256 domum
2135 2215 2138 2222 ·

439 2289 584 2370 ‘eorum
618 2285 977 2402 spectantibus
936 2287 1016 2367 rusi
1037 2286 1123 2367 sint
1141 2295 1406 2392 mercatores
1431 2312 1577 2370 eorum
1598 2286 1759 2394 publici
1782 2289 1856 2398 qui
1874 2316 1954 2397 pro
1976 2318 2048 2382 co-
2133 2330 2138 2340 ·

432 2404 573 2488 'modis
608 2404 788 2513 propriis
826 2403 1076 2512 ampliandis
1111 2369 1309 2487 laborant
1331 2431 1439 2515 quos
1472 2433 1499 2486 a
1519 2405 1731 2506 theloneis
1755 2433 1845 2494 non
1863 2405 2046 2490 absolvi·
2136 2453 2150 2496 -,
2233 2459 2238 2472 ·
2335 2357 2383 2424 ”

436 2549 543 2606 mus.
577 2519 744 2607 sivero
766 2523 992 2632 contigerit
1012 2521 1131 2632 quod
1144 2521 1297 2632 aliquis
1315 2523 1533 2605 occidatur
1552 2522 1610 2605 sb
1631 2524 1871 2608 hominibus
1888 2537 2044 2610 eonrm.

437 2641 628 2723 stamini
650 2642 779 2724 οιιιιι
766 2640 930 2721 uelint
950 2641 1161 2724 occisores
1183 2639 1244 2720 de
1252 2641 1478 2724 homicidio
1499 2642 1759 2750 impetere,
1747 2671 1790 2724 ιιι
1823 2643 1940 2724 curia
1971 2669 2048 2725 no·
2153 2647 2187 2720 .'

394 2821 398 2840 ,
438 2768 528 2840 stre
559 2757 859 2866 respondeant
881 2784 1071 2848 resuere
1106 2759 1340 2842 occisorum
1376 2759 1418 2840 in
1438 2761 1708 2896 prouidentia
1741 2758 1917 2843 fratrum
1951 2787 2049 2873 per-

436 2884 652 2960 maneant
701 2875 750 2986 Si
779 2885 925 2958 autem
953 2873 1020 2956 fur
1050 2875 1121 2958 uel
1140 2874 1274 2985 predo
1305 2875 1576 2958 manifeste
1565 2905 1609 2958 ur
1639 2878 1732 2986 ipso
1765 2887 1865 2958 actu
1898 2879 2048 2986 depre-

434 2993 645 3098 henditur
666 2975 782 3078 bona
802 2992 916 3075 furis'·
924 2991 1126 3076 fratribus
1142 3003 1402 3078 remaneant.
1425 2994 1499 3075 ιι
1487 2995 1584 3101 rpsi
1600 2995 1834 3080 secundum
1866 3023 2047 3080 consue·

432 3112 624 3194 tudinem
645 3120 785 3194 ιιιιι
779 3099 806 3194 ι
826 3112 981 3196 nostris
1002 3111 1213 3196 iudicibus
1234 3113 1477 3219 pruriantur.
1500 3110 1548 3196 Si
1563 3126 1664 3196 v'ero
1680 3112 1826 3196 Narok
1846 3113 1964 3224 quod
1983 3111 2047 3194 la-

434 3231 522 3313 tine
555 3237 738 3313 uocatru
772 3229 990 3312 accusatio
1026 3228 1167 3312 summ
1196 3230 1268 3312 uel
1294 3238 1597 3314 nocturnorum
1637 3231 1872 3340 predonum
1894 3309 1897 3316 ,
1919 3257 2047 3338 super

322 3435 325 3438 .
436 3372 581 3432 eorum
615 3349 809 3432 homines
847 3349 1047 3449 euenerit,
1082 3348 1240 3432 iudicio
1278 3355 1420 3430 astent
1461 3350 1576 3430 curie
1612 3347 1858 3432 secundum·
1887 3374 2047 3432 morem
2099 3395 2103 3403 -
2159 3381 2170 3403 ‚

348 3561 357 3568 ⁸
413 3474 553 3547 terre
572 3465 615 3544 in
634 3466 745 3549 nullo
766 3475 910 3552 nostre
931 3465 1183 3569 celsitudini,
1204 3493 1286 3546 nec
1301 3467 1456 3548 nostris
1481 3467 1648 3576 quoad
1662 3465 1857 3576 ‚aliquam
1888 3465 2045 3546 ub'lita-

436 3591 527 3665 tem
547 3585 802 3690 responsuri.
825 3583 903 3666 sed
925 3585 1060 3667 omnis
1093 3583 1217 3692 culpe
1247 3582 1485 3666 satisfactio
1524 3585 1651 3666 cedat
1671 3584 1713 3666 in
1733 3609 1836 3667 usus
1856 3579 2045 3664 fratrum.

436 3709 645 3784 ettamen
675 3699 870 3785 homines
892 3701 1010 3785 sirei
1029 3699 1185 3782 fuerint
1205 3700 1470 3806 comprobati
1490 3697 1745 3784 aduersariis
1767 3696 2044 3782 satisfaciant.

433 3817 484 3906 Si
502 3845 605 3901 uero
627 3817 756 3904 homo
791 3829 1020 3902 accusatus
1040 3847 1118 3927 per
1138 3819 1340 3901 honestos
1362 3817 1527 3899 uicinos
1564 3843 1668 3900 suos.
1695 3816 1782 3900 lide
1815 3843 1960 3902 eorum
1978 3843 2046 3898 re·
2111 3929 2113 3934 Ι

304 3931 307 3936 ’
435 3936 595 4050 quisita
612 3935 740 4020 fuerit
755 3937 1129 4042 absolutus-curie
1150 3941 1236 4019 non
1255 3934 1525 4046 respondeat.
1559 3943 1603 4018 et
1621 3935 1705 4018 heo
1728 3935 1952 4046 diligenter
1967 3959 2045 4017 no·

434 4056 569 4140 tanda
588 4056 708 4166 quod
728 4055 805 4140 ubi
822 4081 901 4142 eos
922 4056 1009 4139 eb
1001 4057 1114 4137 omui
1135 4054 1315 4137 utilitate
1350 4061 1499 4138 nostra
1531 4063 1578 4138 ιι
1601 4063 1839 4138 nostrorum
1862 4050 2046 4134 absolui·
2161 4114 2173 4150 ·.

434 4191 540 4275 mus,
590 4173 770 4255 nichil'
758 4177 857 4258 ruris
890 4202 976 4286 quo
1008 4173 1065 4258 ad
1094 4174 1176 4255 hec
1208 4181 1353 4272 nostre
1386 4170 1671 4290 magnitudini
1706 4171 1777 4256 vel
1810 4179 2046 4254 nostrorum

338 4345 343 4356 ·
436 4289 765 4376 comoditatibus
792 4294 1040 4376 retinemus.
1071 4291 1222 4374 Nullus
1247 4293 1398 4374 etiarn
1410 4298 1564 4399 cogat
1572 4281 1724 4372 fratres
1746 4295 1822 4372 aut
1852 4283 2045 4368 homines
2150 4335 2158 4346 ,

371 4402 375 4408 ’
438 4434 581 4492 eorum
612 4409 670 4491 ad
691 4411 867 4522 aliquod
898 4410 1049 4493 seruile
1070 4405 1269 4492 officium:
1306 4408 1376 4491 vel
1409 4435 1485 4516 pro
1508 4417 1744 4492 castrorum
1777 4401 2044 4487 edificatione
2085 4489 2088 4496 ,

433 4541 599 4637 proque
629 4526 799 4664 aliquo
796 4529 996 4613 servitio
1009 4528 1086 4610 teli
1119 4527 1292 4638 quod
1257 4553 1317 4608 ers
1339 4527 1394 4608 sit
1414 4526 1470 4609 ad
1489 4526 1838 4638 impedimentum
1871 4520 2044 4606 liberta-
2061 4520 2085 4620 J
2183 4609 2187 4616 ,

428 4652 614 4734 bsshre
647 4645 755 4784 quia
783 4647 985 4757 plenam
984 4657 1034 4729 et
1068 4645 1312 4756 integram
1300 4671 1344 4728 ιιι
1365 4643 1560 4730 omnibus
1596 4637 1935 4750 possessionibus
1957 4640 2044 4722 suis

434 4763 494 4846 eis
516 4769 809 4849 concessimus
842 4765 1015 4851 lr'bertat
997 4775 1096 4896 tem:
1117 4765 1178 4847 ita
1198 4765 1277 4851 ut
1266 4791 1348 4873 rpsr
1335 4763 1424 4846 de
1445 4757 1695 4845 hominihus
1693 4757 1795 4842 suis
1817 4758 2047 4868 disponant
