<?xml version="1.0" encoding="UTF-8"?>
<!DOCTYPE html PUBLIC "-//W3C//DTD XHTML 1.0 Transitional//EN"
    "http://www.w3.org/TR/xhtml1/DTD/xhtml1-transitional.dtd">
<html xmlns="http://www.w3.org/1999/xhtml" xml:lang="en" lang="en">
 <head>
  <title>
</title>
<meta http-equiv="Content-Type" content="text/html;charset=utf-8" />
  <meta name='ocr-system' content='tesseract 3.04.00' />
  <meta name='ocr-capabilities' content='ocr_page ocr_carea ocr_par ocr_line ocrx_word'/>
</head>
<body>
  <div class='ocr_page' id='page_1' title='image "./codexdiplomatic00bartgoog_0442.png"; bbox 0 0 4856 5932; ppageno 0'>
   <div class='ocr_carea' id='block_1_1' title="bbox 1089 691 1365 780">
    <p class='ocr_par' dir='ltr' id='par_1_1' title="bbox 1089 691 1365 780">
     <span class='ocr_line' id='line_1_1' title="bbox 1089 691 1365 780; baseline 0.011 -24"><span class='ocrx_word' id='word_1_1' title='bbox 1089 691 1365 780; x_wconf 61' lang='grc' dir='ltr'>...ωε-.-</span> 
     </span>
    </p>
   </div>
   <div class='ocr_carea' id='block_1_2' title="bbox 267 899 2064 3762">
    <p class='ocr_par' dir='ltr' id='par_1_2' title="bbox 282 899 2053 1254">
     <span class='ocr_line' id='line_1_2' title="bbox 392 899 2053 1017; baseline 0 -27"><span class='ocrx_word' id='word_1_2' title='bbox 392 907 428 990; x_wconf 91' lang='lat' dir='ltr'>si</span> <span class='ocrx_word' id='word_1_3' title='bbox 448 903 576 990; x_wconf 84' lang='lat' dir='ltr'>fucrit</span> <span class='ocrx_word' id='word_1_4' title='bbox 597 911 879 1015; x_wconf 87' lang='lat' dir='ltr'>opportunum</span> <span class='ocrx_word' id='word_1_5' title='bbox 897 929 996 986; x_wconf 88' lang='lat' dir='ltr'>cum</span> <span class='ocrx_word' id='word_1_6' title='bbox 1018 899 1211 988; x_wconf 90' lang='lat' dir='ltr'>curribus</span> <span class='ocrx_word' id='word_1_7' title='bbox 1230 909 1274 984; x_wconf 89' lang='lat' dir='ltr'>et</span> <span class='ocrx_word' id='word_1_8' title='bbox 1289 901 1527 1005; x_wconf 80' lang='lat' dir='ltr'>emendare,</span> <span class='ocrx_word' id='word_1_9' title='bbox 1548 903 1616 990; x_wconf 87' lang='lat' dir='ltr'>vel</span> <span class='ocrx_word' id='word_1_10' title='bbox 1631 902 1698 1000; x_wconf 82' lang='lat' dir='ltr'>illo</span> <span class='ocrx_word' id='word_1_11' title='bbox 1714 913 1916 1015; x_wconf 73' lang='lat' dir='ltr'>tempore,</span> <span class='ocrx_word' id='word_1_12' title='bbox 1936 907 2053 1017; x_wconf 91' lang='lat' dir='ltr'>quod</span> 
     </span>
     <span class='ocr_line' id='line_1_3' title="bbox 394 1021 2053 1135; baseline 0.001 -26"><span class='ocrx_word' id='word_1_13' title='bbox 394 1033 509 1110; x_wconf 89' lang='lat' dir='ltr'>esset</span> <span class='ocrx_word' id='word_1_14' title='bbox 529 1023 583 1108; x_wconf 89' lang='lat' dir='ltr'>ad</span> <span class='ocrx_word' id='word_1_15' title='bbox 604 1051 808 1135; x_wconf 82' lang='lat' dir='ltr'>aggerem</span> <span class='ocrx_word' id='word_1_16' title='bbox 828 1047 1006 1106; x_wconf 89' lang='lat' dir='ltr'>neccsse</span> <span class='ocrx_word' id='word_1_17' title='bbox 1026 1022 1277 1106; x_wconf 82' lang='lat' dir='ltr'>conducere.</span> <span class='ocrx_word' id='word_1_18' title='bbox 1323 1021 1509 1106; x_wconf 81' lang='lat' dir='ltr'>Domum</span> <span class='ocrx_word' id='word_1_19' title='bbox 1528 1023 1613 1108; x_wconf 90' lang='lat' dir='ltr'>iam</span> <span class='ocrx_word' id='word_1_20' title='bbox 1639 1021 1740 1108; x_wconf 92' lang='lat' dir='ltr'>dicti</span> <span class='ocrx_word' id='word_1_21' title='bbox 1753 1024 1899 1114; x_wconf 90' lang='lat' dir='ltr'>incole</span> <span class='ocrx_word' id='word_1_22' title='bbox 1921 1024 2053 1111; x_wconf 86' lang='lat' dir='ltr'>domi-</span> 
     </span>
     <span class='ocr_line' id='line_1_4' title="bbox 282 1139 2051 1254; baseline 0.001 -26"><span class='ocrx_word' id='word_1_23' title='bbox 282 1191 284 1199; x_wconf 50' lang='lat'>1</span> <span class='ocrx_word' id='word_1_24' title='bbox 391 1171 446 1229; x_wconf 92' lang='lat' dir='ltr'>no</span> <span class='ocrx_word' id='word_1_25' title='bbox 468 1145 694 1254; x_wconf 85' lang='lat' dir='ltr'>preposito,</span> <span class='ocrx_word' id='word_1_26' title='bbox 716 1151 791 1224; x_wconf 87' lang='lat' dir='ltr'>aut</span> <span class='ocrx_word' id='word_1_27' title='bbox 812 1141 1041 1226; x_wconf 82' lang='lat' dir='ltr'>conventui</span> <span class='ocrx_word' id='word_1_28' title='bbox 1060 1141 1103 1222; x_wconf 91' lang='lat' dir='ltr'>in</span> <span class='ocrx_word' id='word_1_29' title='bbox 1120 1139 1319 1226; x_wconf 79' lang='lat' dir='ltr'>censibus</span> <span class='ocrx_word' id='word_1_30' title='bbox 1341 1142 1449 1226; x_wconf 89' lang='lat' dir='ltr'>etin</span> <span class='ocrx_word' id='word_1_31' title='bbox 1469 1142 1559 1226; x_wconf 90' lang='lat' dir='ltr'>aliis</span> <span class='ocrx_word' id='word_1_32' title='bbox 1576 1145 1796 1230; x_wconf 85' lang='lat' dir='ltr'>¹consuetis</span> <span class='ocrx_word' id='word_1_33' title='bbox 1815 1142 2051 1230; x_wconf 79' lang='lat' dir='ltr'>redditibus</span> 
     </span>
    </p>

    <p class='ocr_par' dir='ltr' id='par_1_3' title="bbox 267 1259 2064 3166">
     <span class='ocr_line' id='line_1_5' title="bbox 347 1259 2053 1376; baseline 0.004 -30"><span class='ocrx_word' id='word_1_34' title='bbox 347 1309 350 1316; x_wconf 22' lang='grc' dir='ltr'><strong>Δ</strong></span> <span class='ocrx_word' id='word_1_35' title='bbox 393 1261 703 1347; x_wconf 90' lang='lat' dir='ltr'>etdacionibus</span> <span class='ocrx_word' id='word_1_36' title='bbox 744 1262 954 1344; x_wconf 89' lang='lat' dir='ltr'>irrecusae</span> <span class='ocrx_word' id='word_1_37' title='bbox 990 1259 1088 1376; x_wconf 83' lang='lat' dir='ltr'>(sic)</span> <span class='ocrx_word' id='word_1_38' title='bbox 1125 1259 1458 1370; x_wconf 88' lang='lat' dir='ltr'>respondebunt.</span> <span class='ocrx_word' id='word_1_39' title='bbox 1510 1263 1579 1348; x_wconf 85' lang='lat' dir='ltr'>Ite</span> <span class='ocrx_word' id='word_1_40' title='bbox 1618 1274 1773 1366; x_wconf 87' lang='lat' dir='ltr'>tamen,</span> <span class='ocrx_word' id='word_1_41' title='bbox 1812 1265 1928 1374; x_wconf 91' lang='lat' dir='ltr'>quod</span> <span class='ocrx_word' id='word_1_42' title='bbox 1953 1265 2053 1352; x_wconf 90' lang='lat' dir='ltr'>dum</span> 
     </span>
     <span class='ocr_line' id='line_1_6' title="bbox 390 1379 2052 1494; baseline 0.003 -28"><span class='ocrx_word' id='word_1_43' title='bbox 390 1381 568 1494; x_wconf 88' lang='lat' dir='ltr'>predicti</span> <span class='ocrx_word' id='word_1_44' title='bbox 602 1381 737 1468; x_wconf 86' lang='lat' dir='ltr'>incole</span> <span class='ocrx_word' id='word_1_45' title='bbox 777 1381 828 1464; x_wconf 93' lang='lat' dir='ltr'>de</span> <span class='ocrx_word' id='word_1_46' title='bbox 865 1381 929 1464; x_wconf 90' lang='lat' dir='ltr'>his</span> <span class='ocrx_word' id='word_1_47' title='bbox 952 1381 1249 1492; x_wconf 76' lang='lat' dir='ltr'>suprascriptis</span> <span class='ocrx_word' id='word_1_48' title='bbox 1285 1379 1430 1493; x_wconf 80' lang='lat' dir='ltr'>aliqua</span> <span class='ocrx_word' id='word_1_49' title='bbox 1449 1381 1767 1468; x_wconf 84' lang='lat' dir='ltr'>ineducrtencia</span> <span class='ocrx_word' id='word_1_50' title='bbox 1809 1381 2052 1472; x_wconf 86' lang='lat' dir='ltr'>Oonuentni</span> 
     </span>
     <span class='ocr_line' id='line_1_7' title="bbox 267 1495 2053 1614; baseline 0.002 -28"><span class='ocrx_word' id='word_1_51' title='bbox 267 1506 270 1512; x_wconf 77' lang='grc'>’</span> <span class='ocrx_word' id='word_1_52' title='bbox 389 1495 703 1614; x_wconf 83' lang='lat' dir='ltr'>negligenciam</span> <span class='ocrx_word' id='word_1_53' title='bbox 723 1497 911 1605; x_wconf 82' lang='lat' dir='ltr'>iecerint,</span> <span class='ocrx_word' id='word_1_54' title='bbox 882 1509 1048 1584; x_wconf 89' lang='lat' dir='ltr'>ttunc</span> <span class='ocrx_word' id='word_1_55' title='bbox 1081 1500 1273 1584; x_wconf 90' lang='lat' dir='ltr'>dominus</span> <span class='ocrx_word' id='word_1_56' title='bbox 1310 1503 1554 1611; x_wconf 87' lang='lat' dir='ltr'>prepositus</span> <span class='ocrx_word' id='word_1_57' title='bbox 1593 1503 1685 1589; x_wconf 90' lang='lat' dir='ltr'>siue</span> <span class='ocrx_word' id='word_1_58' title='bbox 1707 1513 1945 1588; x_wconf 89' lang='lat' dir='ltr'>conuentus</span> <span class='ocrx_word' id='word_1_59' title='bbox 1966 1531 2053 1592; x_wconf 90' lang='lat' dir='ltr'>non</span> 
     </span>
     <span class='ocr_line' id='line_1_8' title="bbox 389 1616 2064 1734; baseline 0.001 -32"><span class='ocrx_word' id='word_1_60' title='bbox 389 1620 655 1734; x_wconf 86' lang='lat' dir='ltr'>pignorando</span> <span class='ocrx_word' id='word_1_61' title='bbox 678 1619 732 1703; x_wconf 87' lang='lat' dir='ltr'>ad</span> <span class='ocrx_word' id='word_1_62' title='bbox 755 1623 905 1729; x_wconf 83' lang='lat' dir='ltr'>capitis</span> <span class='ocrx_word' id='word_1_63' title='bbox 929 1616 1026 1734; x_wconf 81' lang='lat' dir='ltr'>(sic)</span> <span class='ocrx_word' id='word_1_64' title='bbox 1050 1620 1250 1725; x_wconf 86' lang='lat' dir='ltr'>confluat,</span> <span class='ocrx_word' id='word_1_65' title='bbox 1281 1617 1350 1704; x_wconf 86' lang='lat' dir='ltr'>vel</span> <span class='ocrx_word' id='word_1_66' title='bbox 1400 1621 1456 1702; x_wconf 85' lang='lat' dir='ltr'>ed</span> <span class='ocrx_word' id='word_1_67' title='bbox 1491 1622 1842 1734; x_wconf 88' lang='lat' dir='ltr'>vicesgercntem,</span> <span class='ocrx_word' id='word_1_68' title='bbox 1886 1624 1981 1706; x_wconf 90' lang='lat' dir='ltr'>ut&#39;</span> <span class='ocrx_word' id='word_1_69' title='bbox 1968 1625 2064 1733; x_wconf 87' lang='lat' dir='ltr'>1psi.</span> 
     </span>
     <span class='ocr_line' id='line_1_9' title="bbox 386 1728 2051 1852; baseline 0.001 -26"><span class='ocrx_word' id='word_1_70' title='bbox 386 1741 534 1829; x_wconf 84' lang='lat' dir='ltr'>habito</span> <span class='ocrx_word' id='word_1_71' title='bbox 555 1745 744 1852; x_wconf 88' lang='lat' dir='ltr'>pignore,</span> <span class='ocrx_word' id='word_1_72' title='bbox 782 1739 838 1822; x_wconf 87' lang='lat' dir='ltr'>ad</span> <span class='ocrx_word' id='word_1_73' title='bbox 864 1728 1196 1824; x_wconf 78' lang='lat' dir='ltr'>satisfactionem</span> <span class='ocrx_word' id='word_1_74' title='bbox 1218 1751 1526 1844; x_wconf 83' lang='lat' dir='ltr'>coercerentur,</span> <span class='ocrx_word' id='word_1_75' title='bbox 1565 1741 1667 1826; x_wconf 84' lang='lat' dir='ltr'>alias</span> <span class='ocrx_word' id='word_1_76' title='bbox 1704 1741 1817 1828; x_wconf 91' lang='lat' dir='ltr'>solus</span> <span class='ocrx_word' id='word_1_77' title='bbox 1856 1741 2051 1828; x_wconf 89' lang='lat' dir='ltr'>dominus</span> 
     </span>
     <span class='ocr_line' id='line_1_10' title="bbox 386 1858 2049 1978; baseline 0.001 -32"><span class='ocrx_word' id='word_1_78' title='bbox 386 1863 625 1978; x_wconf 89' lang='lat' dir='ltr'>prepositus</span> <span class='ocrx_word' id='word_1_79' title='bbox 647 1858 949 1970; x_wconf 85' lang='lat' dir='ltr'>impignoraret</span> <span class='ocrx_word' id='word_1_80' title='bbox 950 1887 1010 1962; x_wconf 88' lang='lat' dir='ltr'>ur,</span> <span class='ocrx_word' id='word_1_81' title='bbox 1030 1859 1160 1940; x_wconf 84' lang='lat' dir='ltr'>iuxta</span> <span class='ocrx_word' id='word_1_82' title='bbox 1169 1859 1430 1942; x_wconf 79' lang='lat' dir='ltr'>sentenciam</span> <span class='ocrx_word' id='word_1_83' title='bbox 1453 1864 1836 1971; x_wconf 86' lang='lat' dir='ltr'>suprascriptorum</span> <span class='ocrx_word' id='word_1_84' title='bbox 1857 1860 2049 1948; x_wconf 88' lang='lat' dir='ltr'>domino-</span> 
     </span>
     <span class='ocr_line' id='line_1_11' title="bbox 386 1976 2048 2092; baseline 0.001 -28"><span class='ocrx_word' id='word_1_85' title='bbox 386 2009 492 2082; x_wconf 88' lang='lat' dir='ltr'>rum,</span> <span class='ocrx_word' id='word_1_86' title='bbox 534 2007 664 2089; x_wconf 91' lang='lat' dir='ltr'>quam</span> <span class='ocrx_word' id='word_1_87' title='bbox 700 1987 801 2062; x_wconf 93' lang='lat' dir='ltr'>tunc</span> <span class='ocrx_word' id='word_1_88' title='bbox 822 1981 1083 2062; x_wconf 86' lang='lat' dir='ltr'>sentenciam</span> <span class='ocrx_word' id='word_1_89' title='bbox 1122 1986 1170 2060; x_wconf 93' lang='lat' dir='ltr'>ut</span> <span class='ocrx_word' id='word_1_90' title='bbox 1204 1978 1456 2086; x_wconf 88' lang='lat' dir='ltr'>premittitur</span> <span class='ocrx_word' id='word_1_91' title='bbox 1496 1976 1585 2062; x_wconf 85' lang='lat' dir='ltr'>fact</span> <span class='ocrx_word' id='word_1_92' title='bbox 1567 1989 1655 2064; x_wconf 90' lang='lat' dir='ltr'>tam</span> <span class='ocrx_word' id='word_1_93' title='bbox 1690 1980 1873 2092; x_wconf 89' lang='lat' dir='ltr'>predicti</span> <span class='ocrx_word' id='word_1_94' title='bbox 1912 1981 2048 2068; x_wconf 89' lang='lat' dir='ltr'>incole</span> 
     </span>
     <span class='ocr_line' id='line_1_12' title="bbox 387 2096 2061 2238; baseline -0.001 -51"><span class='ocrx_word' id='word_1_95' title='bbox 387 2100 560 2187; x_wconf 84' lang='lat' dir='ltr'>audient</span> <span class='ocrx_word' id='word_1_96' title='bbox 543 2109 607 2182; x_wconf 91' lang='lat' dir='ltr'>tes</span> <span class='ocrx_word' id='word_1_97' title='bbox 627 2097 867 2182; x_wconf 83' lang='lat' dir='ltr'>memoriale</span> <span class='ocrx_word' id='word_1_98' title='bbox 911 2099 1174 2199; x_wconf 90' lang='lat' dir='ltr'>dederunte</span> <span class='ocrx_word' id='word_1_99' title='bbox 1177 2096 1318 2180; x_wconf 88' lang='lat' dir='ltr'>thino</span> <span class='ocrx_word' id='word_1_100' title='bbox 1340 2096 1539 2180; x_wconf 87' lang='lat' dir='ltr'>acclinati</span> <span class='ocrx_word' id='word_1_101' title='bbox 1574 2111 1674 2182; x_wconf 89' lang='lat' dir='ltr'>sunt</span> <span class='ocrx_word' id='word_1_102' title='bbox 1692 2109 1865 2238; x_wconf 89' lang='lat' dir='ltr'>propter</span> <span class='ocrx_word' id='word_1_103' title='bbox 1887 2099 2061 2187; x_wconf 60' lang='lat' dir='ltr'>discor-⁴</span> 
     </span>
     <span class='ocr_line' id='line_1_13' title="bbox 387 2215 2047 2328; baseline 0.001 -24"><span class='ocrx_word' id='word_1_104' title='bbox 387 2219 511 2326; x_wconf 83' lang='lat' dir='ltr'>diem,</span> <span class='ocrx_word' id='word_1_105' title='bbox 533 2246 662 2328; x_wconf 88' lang='lat' dir='ltr'>quam</span> <span class='ocrx_word' id='word_1_106' title='bbox 684 2244 784 2300; x_wconf 90' lang='lat' dir='ltr'>cum</span> <span class='ocrx_word' id='word_1_107' title='bbox 805 2217 1030 2302; x_wconf 87' lang='lat' dir='ltr'>Oonuentu</span> <span class='ocrx_word' id='word_1_108' title='bbox 1067 2217 1168 2298; x_wconf 91' lang='lat' dir='ltr'>diut</span> <span class='ocrx_word' id='word_1_109' title='bbox 1140 2225 1223 2299; x_wconf 81' lang='lat' dir='ltr'>trus</span> <span class='ocrx_word' id='word_1_110' title='bbox 1259 2215 1491 2300; x_wconf 88' lang='lat' dir='ltr'>habebant.</span> <span class='ocrx_word' id='word_1_111' title='bbox 1554 2219 1604 2303; x_wconf 92' lang='lat' dir='ltr'>In</span> <span class='ocrx_word' id='word_1_112' title='bbox 1636 2221 1755 2304; x_wconf 89' lang='lat' dir='ltr'>cuius</span> <span class='ocrx_word' id='word_1_113' title='bbox 1776 2220 1836 2300; x_wconf 91' lang='lat' dir='ltr'>rei</span> <span class='ocrx_word' id='word_1_114' title='bbox 1856 2220 2047 2306; x_wconf 85' lang='lat' dir='ltr'>testimo·</span> 
     </span>
     <span class='ocr_line' id='line_1_14' title="bbox 388 2332 2048 2450; baseline 0.002 -30"><span class='ocrx_word' id='word_1_115' title='bbox 388 2340 505 2422; x_wconf 91' lang='lat' dir='ltr'>nium</span> <span class='ocrx_word' id='word_1_116' title='bbox 522 2337 708 2450; x_wconf 86' lang='lat' dir='ltr'>sigillum</span> <span class='ocrx_word' id='word_1_117' title='bbox 728 2347 917 2420; x_wconf 88' lang='lat' dir='ltr'>nostrum</span> <span class='ocrx_word' id='word_1_118' title='bbox 954 2345 1125 2447; x_wconf 82' lang='lat' dir='ltr'>present</span> <span class='ocrx_word' id='word_1_119' title='bbox 1108 2332 1323 2418; x_wconf 93' lang='lat' dir='ltr'>tibust</span> <span class='ocrx_word' id='word_1_120' title='bbox 1259 2346 1323 2420; x_wconf 89' lang='lat' dir='ltr'>est</span> <span class='ocrx_word' id='word_1_121' title='bbox 1345 2363 1595 2445; x_wconf 87' lang='lat' dir='ltr'>appensum.</span> <span class='ocrx_word' id='word_1_122' title='bbox 1658 2337 1815 2422; x_wconf 84' lang='lat' dir='ltr'>Actum</span> <span class='ocrx_word' id='word_1_123' title='bbox 1836 2349 1879 2420; x_wconf 90' lang='lat' dir='ltr'>et</span> <span class='ocrx_word' id='word_1_124' title='bbox 1901 2338 2048 2424; x_wconf 79' lang='lat' dir='ltr'>datum</span> 
     </span>
     <span class='ocr_line' id='line_1_15' title="bbox 394 2451 2047 2571; baseline 0.001 -30"><span class='ocrx_word' id='word_1_125' title='bbox 394 2455 553 2542; x_wconf 82' lang='lat' dir='ltr'>Vislr‘cr‘c</span> <span class='ocrx_word' id='word_1_126' title='bbox 575 2459 643 2540; x_wconf 89' lang='lat' dir='ltr'>die</span> <span class='ocrx_word' id='word_1_127' title='bbox 666 2454 874 2570; x_wconf 86' lang='lat' dir='ltr'>dominico</span> <span class='ocrx_word' id='word_1_128' title='bbox 891 2457 1079 2565; x_wconf 87' lang='lat' dir='ltr'>proximo</span> <span class='ocrx_word' id='word_1_129' title='bbox 1099 2463 1198 2564; x_wconf 90' lang='lat' dir='ltr'>post</span> <span class='ocrx_word' id='word_1_130' title='bbox 1218 2451 1374 2538; x_wconf 82' lang='lat' dir='ltr'>festum</span> <span class='ocrx_word' id='word_1_131' title='bbox 1395 2454 1724 2552; x_wconf 83' lang='lat' dir='ltr'>sanctiJoannis</span> <span class='ocrx_word' id='word_1_132' title='bbox 1741 2454 2047 2571; x_wconf 67' lang='lat' dir='ltr'>Babtistelsic)</span> 
     </span>
     <span class='ocr_line' id='line_1_16' title="bbox 289 2575 2057 2690; baseline -0.001 -28"><span class='ocrx_word' id='word_1_133' title='bbox 289 2601 309 2676; x_wconf 63' lang='lat' dir='ltr'><em>J</em></span> <span class='ocrx_word' id='word_1_134' title='bbox 388 2603 500 2662; x_wconf 85' lang='lat' dir='ltr'>snno</span> <span class='ocrx_word' id='word_1_135' title='bbox 523 2577 680 2662; x_wconf 90' lang='lat' dir='ltr'>domini</span> <span class='ocrx_word' id='word_1_136' title='bbox 698 2576 914 2660; x_wconf 90' lang='lat' dir='ltr'>millesimo</span> <span class='ocrx_word' id='word_1_137' title='bbox 937 2575 1357 2686; x_wconf 85' lang='lat' dir='ltr'>quadringentesimo</span> <span class='ocrx_word' id='word_1_138' title='bbox 1393 2577 1612 2690; x_wconf 87' lang='lat' dir='ltr'>trigesimo</span> <span class='ocrx_word' id='word_1_139' title='bbox 1643 2579 1805 2688; x_wconf 91' lang='lat' dir='ltr'>quinto.</span> <span class='ocrx_word' id='word_1_140' title='bbox 1866 2577 2057 2663; x_wconf 66' lang='lat' dir='ltr'>Pressu-</span> 
     </span>
     <span class='ocr_line' id='line_1_17' title="bbox 386 2691 2061 2802; baseline 0.001 -24"><span class='ocrx_word' id='word_1_141' title='bbox 386 2694 503 2780; x_wconf 90' lang='lat' dir='ltr'>tibus</span> <span class='ocrx_word' id='word_1_142' title='bbox 523 2694 734 2778; x_wconf 88' lang='lat' dir='ltr'>strennuis</span> <span class='ocrx_word' id='word_1_143' title='bbox 757 2705 800 2778; x_wconf 92' lang='lat' dir='ltr'>et</span> <span class='ocrx_word' id='word_1_144' title='bbox 819 2694 1032 2779; x_wconf 89' lang='lat' dir='ltr'>nobilibus</span> <span class='ocrx_word' id='word_1_145' title='bbox 1068 2692 1280 2780; x_wconf 86' lang='lat' dir='ltr'>Dobkone</span> <span class='ocrx_word' id='word_1_146' title='bbox 1317 2694 1370 2778; x_wconf 90' lang='lat' dir='ltr'>de</span> <span class='ocrx_word' id='word_1_147' title='bbox 1411 2691 1542 2779; x_wconf 81' lang='lat' dir='ltr'>Ulelr&#39;u</span> <span class='ocrx_word' id='word_1_148' title='bbox 1577 2694 1770 2782; x_wconf 86' lang='lat' dir='ltr'>Tribnno</span> <span class='ocrx_word' id='word_1_149' title='bbox 1801 2691 2061 2802; x_wconf 77' lang='lat' dir='ltr'>Stazicensi,.</span> 
     </span>
     <span class='ocr_line' id='line_1_18' title="bbox 388 2808 2048 2927; baseline 0 -27"><span class='ocrx_word' id='word_1_150' title='bbox 388 2813 607 2900; x_wconf 81' lang='lat' dir='ltr'>Clemente</span> <span class='ocrx_word' id='word_1_151' title='bbox 645 2816 697 2898; x_wconf 93' lang='lat' dir='ltr'>de</span> <span class='ocrx_word' id='word_1_152' title='bbox 720 2813 937 2927; x_wconf 65' lang='lat' dir='ltr'>Sopianae,</span> <span class='ocrx_word' id='word_1_153' title='bbox 977 2813 1165 2900; x_wconf 79' lang='lat' dir='ltr'>Joanne</span> <span class='ocrx_word' id='word_1_154' title='bbox 1189 2813 1242 2896; x_wconf 89' lang='lat' dir='ltr'>de</span> <span class='ocrx_word' id='word_1_155' title='bbox 1282 2808 1452 2896; x_wconf 80' lang='lat' dir='ltr'>Cretlow</span> <span class='ocrx_word' id='word_1_156' title='bbox 1494 2814 1732 2926; x_wconf 79' lang='lat' dir='ltr'>Capitanco</span> <span class='ocrx_word' id='word_1_157' title='bbox 1772 2813 2048 2902; x_wconf 83' lang='lat' dir='ltr'>Redemiensi</span> 
     </span>
     <span class='ocr_line' id='line_1_19' title="bbox 387 2927 2059 3069; baseline 0.002 -51"><span class='ocrx_word' id='word_1_158' title='bbox 387 2933 604 3019; x_wconf 86' lang='lat' dir='ltr'>Prandota</span> <span class='ocrx_word' id='word_1_159' title='bbox 625 2935 677 3016; x_wconf 92' lang='lat' dir='ltr'>de</span> <span class='ocrx_word' id='word_1_160' title='bbox 701 2931 803 3016; x_wconf 78' lang='lat' dir='ltr'>Gerr</span> <span class='ocrx_word' id='word_1_161' title='bbox 819 2942 862 3016; x_wconf 92' lang='lat' dir='ltr'>e</span> <span class='ocrx_word' id='word_1_162' title='bbox 844 2934 1008 3020; x_wconf 89' lang='lat' dir='ltr'>tPetro</span> <span class='ocrx_word' id='word_1_163' title='bbox 1032 2933 1085 3018; x_wconf 93' lang='lat' dir='ltr'>de</span> <span class='ocrx_word' id='word_1_164' title='bbox 1108 2927 1316 3018; x_wconf 82' lang='lat' dir='ltr'>Crarnlrow</span> <span class='ocrx_word' id='word_1_165' title='bbox 1338 2931 1383 3069; x_wconf 78' lang='lat' dir='ltr'>et</span> <span class='ocrx_word' id='word_1_166' title='bbox 1403 2934 1494 3018; x_wconf 84' lang='lat' dir='ltr'>eliis</span> <span class='ocrx_word' id='word_1_167' title='bbox 1532 2935 1874 3044; x_wconf 89' lang='lat' dir='ltr'>quampluribus</span> <span class='ocrx_word' id='word_1_168' title='bbox 1896 2934 2059 3021; x_wconf 71' lang='lat' dir='ltr'>fidem·-</span> 
     </span>
     <span class='ocr_line' id='line_1_20' title="bbox 390 3053 1003 3166; baseline 0.002 -30"><span class='ocrx_word' id='word_1_169' title='bbox 390 3055 486 3166; x_wconf 85' lang='lat' dir='ltr'>gnis</span> <span class='ocrx_word' id='word_1_170' title='bbox 506 3053 687 3138; x_wconf 88' lang='lat' dir='ltr'>testibus</span> <span class='ocrx_word' id='word_1_171' title='bbox 708 3053 764 3136; x_wconf 84' lang='lat' dir='ltr'>ad</span> <span class='ocrx_word' id='word_1_172' title='bbox 785 3054 1003 3164; x_wconf 88' lang='lat' dir='ltr'>premissa.</span> 
     </span>
    </p>

    <p class='ocr_par' dir='ltr' id='par_1_4' title="bbox 385 3169 2052 3762">
     <span class='ocr_line' id='line_1_21' title="bbox 497 3169 2052 3285; baseline 0.004 -31"><span class='ocrx_word' id='word_1_173' title='bbox 497 3174 621 3258; x_wconf 76' lang='lat'>1539.</span> <span class='ocrx_word' id='word_1_174' title='bbox 643 3171 733 3258; x_wconf 89' lang='lat' dir='ltr'>Nos</span> <span class='ocrx_word' id='word_1_175' title='bbox 753 3173 883 3284; x_wconf 86' lang='lat' dir='ltr'>igitur</span> <span class='ocrx_word' id='word_1_176' title='bbox 905 3169 1203 3285; x_wconf 73' lang='lat' dir='ltr'>sigismundus</span> <span class='ocrx_word' id='word_1_177' title='bbox 1225 3170 1384 3257; x_wconf 85' lang='lat' dir='ltr'>Rexat</span> <span class='ocrx_word' id='word_1_178' title='bbox 1386 3171 1659 3256; x_wconf 90' lang='lat' dir='ltr'>tendentes</span> <span class='ocrx_word' id='word_1_179' title='bbox 1647 3199 1834 3284; x_wconf 78' lang='lat' dir='ltr'>ipsorum</span> <span class='ocrx_word' id='word_1_180' title='bbox 1865 3172 2052 3260; x_wconf 79' lang='lat' dir='ltr'>Colono·</span> 
     </span>
     <span class='ocr_line' id='line_1_22' title="bbox 386 3286 2050 3402; baseline 0.002 -28"><span class='ocrx_word' id='word_1_181' title='bbox 386 3317 479 3374; x_wconf 89' lang='lat' dir='ltr'>rum</span> <span class='ocrx_word' id='word_1_182' title='bbox 499 3291 597 3376; x_wconf 86' lang='lat' dir='ltr'>villa</span> <span class='ocrx_word' id='word_1_183' title='bbox 621 3287 917 3377; x_wconf 83' lang='lat' dir='ltr'>Crzr&#39;zanowr&#39;cze</span> <span class='ocrx_word' id='word_1_184' title='bbox 937 3293 1190 3402; x_wconf 86' lang='lat' dir='ltr'>peticionem</span> <span class='ocrx_word' id='word_1_185' title='bbox 1227 3289 1315 3375; x_wconf 86' lang='lat' dir='ltr'>fore</span> <span class='ocrx_word' id='word_1_186' title='bbox 1351 3293 1507 3376; x_wconf 82' lang='lat' dir='ltr'>iustam</span> <span class='ocrx_word' id='word_1_187' title='bbox 1541 3286 1588 3376; x_wconf 80' lang='lat' dir='ltr'>&#39;et</span> <span class='ocrx_word' id='word_1_188' title='bbox 1622 3293 1774 3378; x_wconf 91' lang='lat' dir='ltr'>rationi</span> <span class='ocrx_word' id='word_1_189' title='bbox 1816 3319 2050 3378; x_wconf 88' lang='lat' dir='ltr'>consonam</span> 
     </span>
     <span class='ocr_line' id='line_1_23' title="bbox 389 3409 2050 3524; baseline 0.002 -30"><span class='ocrx_word' id='word_1_190' title='bbox 389 3409 561 3494; x_wconf 88' lang='lat' dir='ltr'>easdem</span> <span class='ocrx_word' id='word_1_191' title='bbox 592 3410 736 3496; x_wconf 84' lang='lat' dir='ltr'>literas</span> <span class='ocrx_word' id='word_1_192' title='bbox 769 3412 1048 3496; x_wconf 76' lang='lat' dir='ltr'>ordinacionis</span> <span class='ocrx_word' id='word_1_193' title='bbox 1083 3409 1274 3496; x_wconf 91' lang='lat' dir='ltr'>laborum</span> <span class='ocrx_word' id='word_1_194' title='bbox 1307 3411 1496 3521; x_wconf 88' lang='lat' dir='ltr'>ipsorum</span> <span class='ocrx_word' id='word_1_195' title='bbox 1516 3415 1560 3495; x_wconf 90' lang='lat' dir='ltr'>in</span> <span class='ocrx_word' id='word_1_196' title='bbox 1581 3441 1761 3524; x_wconf 89' lang='lat' dir='ltr'>quarum</span> <span class='ocrx_word' id='word_1_197' title='bbox 1781 3413 2050 3524; x_wconf 84' lang='lat' dir='ltr'>possessione</span> 
     </span>
     <span class='ocr_line' id='line_1_24' title="bbox 386 3528 2051 3642; baseline 0.003 -30"><span class='ocrx_word' id='word_1_198' title='bbox 386 3528 592 3614; x_wconf 87' lang='lat' dir='ltr'>hactenus</span> <span class='ocrx_word' id='word_1_199' title='bbox 614 3530 768 3614; x_wconf 89' lang='lat' dir='ltr'>fuerint</span> <span class='ocrx_word' id='word_1_200' title='bbox 788 3532 831 3612; x_wconf 91' lang='lat' dir='ltr'>in</span> <span class='ocrx_word' id='word_1_201' title='bbox 852 3539 941 3616; x_wconf 92' lang='lat' dir='ltr'>toto</span> <span class='ocrx_word' id='word_1_202' title='bbox 965 3558 1110 3615; x_wconf 85' lang='lat' dir='ltr'>earnm</span> <span class='ocrx_word' id='word_1_203' title='bbox 1140 3539 1283 3616; x_wconf 89' lang='lat' dir='ltr'>tenore</span> <span class='ocrx_word' id='word_1_204' title='bbox 1321 3531 1645 3638; x_wconf 75' lang='lat' dir='ltr'>confirmandas,</span> <span class='ocrx_word' id='word_1_205' title='bbox 1681 3531 1984 3642; x_wconf 87' lang='lat' dir='ltr'>approbandas</span> <span class='ocrx_word' id='word_1_206' title='bbox 2008 3543 2051 3618; x_wconf 91' lang='lat' dir='ltr'>et</span> 
     </span>
     <span class='ocr_line' id='line_1_25' title="bbox 385 3649 2049 3762; baseline 0.001 -30"><span class='ocrx_word' id='word_1_207' title='bbox 385 3649 659 3734; x_wconf 84' lang='lat' dir='ltr'>ratificandas</span> <span class='ocrx_word' id='word_1_208' title='bbox 702 3649 909 3754; x_wconf 85' lang='lat' dir='ltr'>duximus,</span> <span class='ocrx_word' id='word_1_209' title='bbox 954 3649 1349 3762; x_wconf 84' lang='lat' dir='ltr'>confirmamusque,</span> <span class='ocrx_word' id='word_1_210' title='bbox 1388 3649 1673 3762; x_wconf 84' lang='lat' dir='ltr'>approbamus</span> <span class='ocrx_word' id='word_1_211' title='bbox 1711 3663 1755 3735; x_wconf 94' lang='lat' dir='ltr'>et</span> <span class='ocrx_word' id='word_1_212' title='bbox 1789 3651 2049 3736; x_wconf 81' lang='lat' dir='ltr'>ratificamus</span> 
     </span>
    </p>
   </div>
   <div class='ocr_carea' id='block_1_3' title="bbox 264 3769 2051 3878">
    <p class='ocr_par' dir='ltr' id='par_1_5' title="bbox 264 3769 2051 3878">
     <span class='ocr_line' id='line_1_26' title="bbox 264 3769 2051 3878; baseline 0.006 -36"><span class='ocrx_word' id='word_1_213' title='bbox 264 3835 266 3842; x_wconf 80' lang='grc'>,</span> <span class='ocrx_word' id='word_1_214' title='bbox 387 3769 666 3878; x_wconf 89' lang='lat' dir='ltr'>presentibus.</span> <span class='ocrx_word' id='word_1_215' title='bbox 698 3771 988 3855; x_wconf 89' lang='lat' dir='ltr'>Decernentes</span> <span class='ocrx_word' id='word_1_216' title='bbox 1010 3798 1083 3856; x_wconf 89' lang='lat' dir='ltr'>eas</span> <span class='ocrx_word' id='word_1_217' title='bbox 1105 3781 1148 3855; x_wconf 89' lang='lat' dir='ltr'>et</span> <span class='ocrx_word' id='word_1_218' title='bbox 1168 3771 1308 3856; x_wconf 85' lang='lat' dir='ltr'>omnia</span> <span class='ocrx_word' id='word_1_219' title='bbox 1329 3770 1371 3852; x_wconf 92' lang='lat' dir='ltr'>in</span> <span class='ocrx_word' id='word_1_220' title='bbox 1393 3773 1453 3854; x_wconf 88' lang='lat' dir='ltr'>eis</span> <span class='ocrx_word' id='word_1_221' title='bbox 1476 3779 1679 3856; x_wconf 83' lang='lat' dir='ltr'>contento</span> <span class='ocrx_word' id='word_1_222' title='bbox 1697 3773 1826 3857; x_wconf 88' lang='lat' dir='ltr'>robur</span> <span class='ocrx_word' id='word_1_223' title='bbox 1848 3769 1991 3855; x_wconf 91' lang='lat' dir='ltr'>debite</span> <span class='ocrx_word' id='word_1_224' title='bbox 2007 3784 2051 3854; x_wconf 89' lang='lat' dir='ltr'>et</span> 
     </span>
    </p>
   </div>
   <div class='ocr_carea' id='block_1_4' title="bbox 384 3889 2051 4956">
    <p class='ocr_par' dir='ltr' id='par_1_6' title="bbox 384 3889 2049 4480">
     <span class='ocr_line' id='line_1_27' title="bbox 384 3889 2047 4001; baseline 0.002 -31"><span class='ocrx_word' id='word_1_225' title='bbox 384 3897 590 3998; x_wconf 87' lang='lat' dir='ltr'>perpetue</span> <span class='ocrx_word' id='word_1_226' title='bbox 612 3889 822 3974; x_wconf 87' lang='lat' dir='ltr'>firmitatis</span> <span class='ocrx_word' id='word_1_227' title='bbox 844 3889 1075 3996; x_wconf 85' lang='lat' dir='ltr'>habituras,</span> <span class='ocrx_word' id='word_1_228' title='bbox 1091 3891 1259 4001; x_wconf 87' lang='lat' dir='ltr'>juribus</span> <span class='ocrx_word' id='word_1_229' title='bbox 1282 3899 1424 3973; x_wconf 89' lang='lat' dir='ltr'>tamen</span> <span class='ocrx_word' id='word_1_230' title='bbox 1444 3893 1597 3976; x_wconf 88' lang='lat' dir='ltr'>nostris</span> <span class='ocrx_word' id='word_1_231' title='bbox 1618 3889 1776 3974; x_wconf 91' lang='lat' dir='ltr'>ibidem</span> <span class='ocrx_word' id='word_1_232' title='bbox 1805 3891 1930 3974; x_wconf 84' lang='lat' dir='ltr'>saluis</span> <span class='ocrx_word' id='word_1_233' title='bbox 1952 3917 2047 4000; x_wconf 89' lang='lat' dir='ltr'>per-</span> 
     </span>
     <span class='ocr_line' id='line_1_28' title="bbox 385 4007 2049 4122; baseline 0.002 -31"><span class='ocrx_word' id='word_1_234' title='bbox 385 4007 669 4091; x_wconf 88' lang='lat' dir='ltr'>manentibus.</span> <span class='ocrx_word' id='word_1_235' title='bbox 701 4008 866 4092; x_wconf 88' lang='lat' dir='ltr'>Harum</span> <span class='ocrx_word' id='word_1_236' title='bbox 887 4010 1126 4096; x_wconf 88' lang='lat' dir='ltr'>testimonio</span> <span class='ocrx_word' id='word_1_237' title='bbox 1157 4011 1399 4113; x_wconf 80' lang='lat' dir='ltr'>litterarum,</span> <span class='ocrx_word' id='word_1_238' title='bbox 1442 4010 1597 4120; x_wconf 91' lang='lat' dir='ltr'>quibus</span> <span class='ocrx_word' id='word_1_239' title='bbox 1637 4011 1821 4122; x_wconf 88' lang='lat' dir='ltr'>sigillum</span> <span class='ocrx_word' id='word_1_240' title='bbox 1857 4019 2049 4095; x_wconf 87' lang='lat' dir='ltr'>nostrum</span> 
     </span>
     <span class='ocr_line' id='line_1_29' title="bbox 385 4125 2048 4238; baseline -0.001 -26"><span class='ocrx_word' id='word_1_241' title='bbox 385 4125 655 4238; x_wconf 90' lang='lat' dir='ltr'>presentibus</span> <span class='ocrx_word' id='word_1_242' title='bbox 677 4137 743 4210; x_wconf 91' lang='lat' dir='ltr'>est</span> <span class='ocrx_word' id='word_1_243' title='bbox 763 4155 1012 4236; x_wconf 86' lang='lat' dir='ltr'>appensum.</span> <span class='ocrx_word' id='word_1_244' title='bbox 1034 4129 1192 4212; x_wconf 86' lang='lat' dir='ltr'>Actum</span> <span class='ocrx_word' id='word_1_245' title='bbox 1214 4137 1257 4210; x_wconf 92' lang='lat' dir='ltr'>et</span> <span class='ocrx_word' id='word_1_246' title='bbox 1280 4127 1426 4210; x_wconf 89' lang='lat' dir='ltr'>datum</span> <span class='ocrx_word' id='word_1_247' title='bbox 1450 4125 1638 4212; x_wconf 80' lang='lat' dir='ltr'>Crocoru&#39;e</span> <span class='ocrx_word' id='word_1_248' title='bbox 1674 4131 1717 4212; x_wconf 93' lang='lat' dir='ltr'>in</span> <span class='ocrx_word' id='word_1_249' title='bbox 1755 4128 2048 4216; x_wconf 74' lang='lat' dir='ltr'>Consentione</span> 
     </span>
     <span class='ocr_line' id='line_1_30' title="bbox 388 4245 2049 4360; baseline 0.002 -33"><span class='ocrx_word' id='word_1_250' title='bbox 388 4247 576 4360; x_wconf 86' lang='lat' dir='ltr'>generali</span> <span class='ocrx_word' id='word_1_251' title='bbox 596 4245 699 4328; x_wconf 87' lang='lat' dir='ltr'>feria</span> <span class='ocrx_word' id='word_1_252' title='bbox 722 4247 870 4356; x_wconf 90' lang='lat' dir='ltr'>quinta</span> <span class='ocrx_word' id='word_1_253' title='bbox 890 4257 989 4354; x_wconf 87' lang='lat' dir='ltr'>post</span> <span class='ocrx_word' id='word_1_254' title='bbox 1012 4249 1265 4332; x_wconf 88' lang='lat' dir='ltr'>dominicam</span> <span class='ocrx_word' id='word_1_255' title='bbox 1285 4245 1512 4330; x_wconf 87' lang='lat' dir='ltr'>Inuocanit</span> <span class='ocrx_word' id='word_1_256' title='bbox 1531 4249 1735 4359; x_wconf 86' lang='lat' dir='ltr'>proxima.</span> <span class='ocrx_word' id='word_1_257' title='bbox 1767 4248 1892 4334; x_wconf 89' lang='lat' dir='ltr'>Anno</span> <span class='ocrx_word' id='word_1_258' title='bbox 1916 4249 2049 4335; x_wconf 92' lang='lat' dir='ltr'>domi·</span> 
     </span>
     <span class='ocr_line' id='line_1_31' title="bbox 389 4365 2048 4480; baseline 0.004 -32"><span class='ocrx_word' id='word_1_259' title='bbox 389 4368 441 4450; x_wconf 91' lang='lat' dir='ltr'>ni·</span> <span class='ocrx_word' id='word_1_260' title='bbox 452 4365 669 4452; x_wconf 89' lang='lat' dir='ltr'>millesimo</span> <span class='ocrx_word' id='word_1_261' title='bbox 693 4365 1075 4478; x_wconf 84' lang='lat' dir='ltr'>quingentesimot</span> <span class='ocrx_word' id='word_1_262' title='bbox 1076 4366 1274 4479; x_wconf 89' lang='lat' dir='ltr'>rigesimo</span> <span class='ocrx_word' id='word_1_263' title='bbox 1295 4392 1419 4450; x_wconf 92' lang='lat' dir='ltr'>nono.</span> <span class='ocrx_word' id='word_1_264' title='bbox 1466 4365 1608 4480; x_wconf 86' lang='lat' dir='ltr'>Regni</span> <span class='ocrx_word' id='word_1_265' title='bbox 1643 4396 1744 4455; x_wconf 87' lang='lat' dir='ltr'>vero</span> <span class='ocrx_word' id='word_1_266' title='bbox 1780 4370 1915 4480; x_wconf 89' lang='lat' dir='ltr'>nostrj</span> <span class='ocrx_word' id='word_1_267' title='bbox 1938 4395 2048 4454; x_wconf 86' lang='lat' dir='ltr'>anno</span> 
     </span>
    </p>

    <p class='ocr_par' dir='ltr' id='par_1_7' title="bbox 388 4487 2051 4840">
     <span class='ocr_line' id='line_1_32' title="bbox 388 4487 771 4594; baseline -0.005 -22"><span class='ocrx_word' id='word_1_268' title='bbox 388 4487 603 4594; x_wconf 75' lang='lat' dir='ltr'>trigesimo</span> <span class='ocrx_word' id='word_1_269' title='bbox 625 4488 771 4570; x_wconf 88' lang='lat' dir='ltr'>tercio.</span> 
     </span>
     <span class='ocr_line' id='line_1_33' title="bbox 441 4600 2049 4717; baseline 0.004 -31"><span class='ocrx_word' id='word_1_270' title='bbox 441 4600 599 4690; x_wconf 88' lang='lat' dir='ltr'>Paulus</span> <span class='ocrx_word' id='word_1_271' title='bbox 622 4607 674 4689; x_wconf 90' lang='lat' dir='ltr'>de</span> <span class='ocrx_word' id='word_1_272' title='bbox 704 4602 802 4689; x_wconf 88' lang='lat' dir='ltr'>Vola</span> <span class='ocrx_word' id='word_1_273' title='bbox 899 4689 901 4693; x_wconf 80' lang='grc'>,</span> <span class='ocrx_word' id='word_1_274' title='bbox 1111 4604 1287 4690; x_wconf 88' lang='lat' dir='ltr'>Relacio</span> <span class='ocrx_word' id='word_1_275' title='bbox 1309 4604 1528 4717; x_wconf 88' lang='lat' dir='ltr'>Magnifici</span> <span class='ocrx_word' id='word_1_276' title='bbox 1547 4607 1673 4692; x_wconf 89' lang='lat' dir='ltr'>Pauli</span> <span class='ocrx_word' id='word_1_277' title='bbox 1694 4607 1748 4690; x_wconf 92' lang='lat' dir='ltr'>de</span> <span class='ocrx_word' id='word_1_278' title='bbox 1768 4605 1940 4692; x_wconf 77' lang='lat' dir='ltr'>volicR.</span> <span class='ocrx_word' id='word_1_279' title='bbox 1966 4606 2049 4692; x_wconf 92' lang='lat' dir='ltr'>Po·</span> 
     </span>
     <span class='ocr_line' id='line_1_34' title="bbox 494 4721 2051 4840; baseline 0 -32"><span class='ocrx_word' id='word_1_280' title='bbox 494 4721 545 4808; x_wconf 91' lang='lat' dir='ltr'><strong>R</strong></span> <span class='ocrx_word' id='word_1_281' title='bbox 566 4725 613 4812; x_wconf 94' lang='lat' dir='ltr'>P</span> <span class='ocrx_word' id='word_1_282' title='bbox 637 4724 938 4811; x_wconf 82' lang='lat' dir='ltr'>Oencellarius.</span> <span class='ocrx_word' id='word_1_283' title='bbox 1010 4725 1120 4810; x_wconf 90' lang='lat' dir='ltr'>lonie</span> <span class='ocrx_word' id='word_1_284' title='bbox 1143 4724 1397 4810; x_wconf 84' lang='lat' dir='ltr'>Cancellarii</span> <span class='ocrx_word' id='word_1_285' title='bbox 1426 4723 1653 4840; x_wconf 82' lang='lat' dir='ltr'>Burgrabii</span> <span class='ocrx_word' id='word_1_286' title='bbox 1687 4726 1985 4813; x_wconf 85' lang='lat' dir='ltr'>Oracouiensis</span> <span class='ocrx_word' id='word_1_287' title='bbox 2006 4735 2051 4809; x_wconf 90' lang='lat' dir='ltr'>et</span> 
     </span>
    </p>

    <p class='ocr_par' dir='ltr' id='par_1_8' title="bbox 1015 4843 1543 4956">
     <span class='ocr_line' id='line_1_35' title="bbox 1015 4843 1543 4956; baseline -0.002 -26"><span class='ocrx_word' id='word_1_288' title='bbox 1015 4845 1240 4956; x_wconf 75' lang='lat' dir='ltr'>Capitonei</span> <span class='ocrx_word' id='word_1_289' title='bbox 1262 4843 1543 4934; x_wconf 87' lang='lat' dir='ltr'>Gostinensis.</span> 
     </span>
    </p>
   </div>
   <div class='ocr_carea' id='block_1_5' title="bbox 0 0 2432 5925">
    <p class='ocr_par' dir='ltr' id='par_1_9' title="bbox 0 0 2432 5925">
     <span class='ocr_line' id='line_1_36' title="bbox 0 0 2432 5925; baseline 0 0"><span class='ocrx_word' id='word_1_290' title='bbox 0 0 2432 5925; x_wconf 95' lang='lat' dir='ltr'> </span> 
     </span>
    </p>
   </div>
  </div>
 </body>
</html>
