4930 5922
1028 806 1077 824 -
1136 769 1204 844 no
1259 717 1329 822 -’

336 969 420 1050 rint
438 963 671 1076 prouocati.
727 962 1038 1050 Confirmamus
1070 965 1206 1052 eciam
1237 962 1374 1049 cidini
1394 969 1819 1056 monastarioomnas
1840 967 2005 1058 heredi-

336 1096 448 1168 tates
471 1087 669 1184 donatas,
692 1091 856 1190 emptas
879 1097 922 1168 et
943 1095 1225 1170 commutatas
1248 1111 1345 1168 cum
1369 1084 1562 1169 omnibus
1584 1085 1855 1192 utilitatibus,
1878 1097 2006 1200 agris,
2078 1165 2082 1178 .

336 1203 606 1303 molendinis,
629 1199 848 1284 thabernis
860 1195 1042 1311 ,.'pratis,
1062 1204 1254 1311 pascuis,
1275 1201 1410 1302 siluis,
1433 1201 2005 1312 quercetis,⁴veuacionibus,

335 1319 671 1431 piscacionibus,
703 1319 859 1425 fluvijs,
881 1323 1054 1429 piscinis
1077 1330 1120 1402 et
1141 1320 1348 1429 stangnis.
1411 1316 1602 1416 Quarum
1622 1321 1908 1406 hereditatum
1928 1353 2005 1412 no·

336 1441 452 1524 mina
485 1438 821 1545 subsequuntur,
860 1437 1068 1519 Suerincr'a
1103 1465 1200 1520 cum
1235 1435 1452 1520 thabernis
1490 1440 1603 1520 circa
1655 1435 1925 1552 Ostripoveum
1960 1455 2004 1526 et

253 1619 261 1632 .
339 1554 591 1638 Crealcoaieca
612 1564 709 1636 ante
735 1551 983 1652 Graeculam,
1020 1554 1176 1636 Daraba
1199 1583 1296 1636 cum
1317 1556 1448 1663 pratis
1472 1565 1514 1637 et
1534 1556 1730 1649 omnibus
1750 1555 2004 1642 utilitatibus

338 1673 522 1785 Neqrbea
541 1671 752 1754 thaberna
774 1699 870 1754 cum
893 1675 1006 1782 agris
1029 1683 1073 1753 et
1092 1675 1242 1781 pratis,
1264 1669 1441 1754 Rudaua
1462 1699 1559 1754 cum
1579 1675 1822 1759 molendino
1845 1687 1892 1758 et
1908 1677 2004 1761 tha-
2054 1672 2056 1679 ’

337 1791 497 1892 bernis,
533 1789 649 1900 Liskj
685 1818 783 1872 cum
818 1790 1059 1874 hominibus
1096 1790 1375 1899 ascripticijs,
1405 1787 1607 1874 Olseuica'a
1637 1819 1732 1876 cum
1765 1793 2004 1880 hominibus

337 1909 607 2018 ascripticijs,
644 1907 847 2016 Royoma‘lc
867 1937 965 1992 cum
987 1907 1226 1992 hominibus
1250 1907 1519 2016 ascripticijs,
1543 1907 1766 1992 Modlaa'cio
1787 1940 1886 1994 cum
1906 1912 2003 1996 tha-

336 2027 482 2128 berna,
504 2026 638 2135 agris,
659 2027 810 2134 pratis,
831 2025 1011 2128 rubetiS,
1034 2027 1142 2135 gaiis
1166 2035 1209 2110 et
1231 2054 1326 2108 cum
1348 2025 1587 2110 hominibus
1609 2027 1880 2136 ascripticijs,
1916 2029 2003 2110 Dar-

295 2223 297 2228 .
339 2145 458 2226 doceo
479 2155 522 2226 et
541 2141 785 2224 Domuslcow
808 2161 905 2224 e'um
928 2144 1052 2245 silua,
1073 2147 1226 2253 pratis,
1248 2144 1345 2225 lacu
1366 2151 1410 2223 et
1430 2169 1582 2251 campo
1625 2144 1778 2254 agerlj,
1810 2145 2005 2255 pobcdru‘k

302 2291 434 2374 ‚cum
455 2262 580 2362 silua,
601 2262 755 2369 pratis,
778 2260 1006 2364 thaberna,
1042 2262 1300 2362 molendino,
1337 2262 1522 2370 stagnis,
1566 2259 1730 2371 Spitaar
1752 2290 1849 2343 cum
1868 2262 2004 2344 homiss
2067 2253 2071 2264 ’

337 2379 460 2460 nibus
483 2379 753 2488 asc1ipticij9,
776 2375 1050 2480 t‘lrruastonioi
1066 2406 1163 2462 cum
1185 2379 1406 2476 thabema,
1426 2380 1560 2486 pratis
1582 2390 1626 2460 et
1644 2378 1896 2482 molendino,
1916 2376 2003 2460 Clo·

337 2523 421 2578 noro
445 2525 541 2578 cum
560 2489 774 2578 thaberna·
794 2505 837 2576 et
856 2495 981 2599 silua,
1019 2493 1241 2607 Koscepow
1264 2525 1360 2578 cum
1381 2496 1611 2599 thaberna,
1645 2495 1770 2576 Sarte
1792 2496 1888 2576 cum
1908 2497 2004 2580 tha-

338 2615 480 2716 bema,
500 2613 768 2715 molendinis,
791 2611 1019 2695 Kumr'ocici
1037 2641 1133 2694 cum
1154 2614 1383 2716 thabema,
1403 2613 1642 2697 molendino
1665 2621 1707 2694 et
1725 2614 1870 2720 pratis,
1891 2609 2024 2695 Pola
2081 2659 2084 2666 Δ
2148 2677 2154 2684 .
2214 2709 2220 2720 .

337 2745 560 2812 etruscum
582 2733 689 2814 silua
709 2729 968 2830 etomnibus
989 2731 1262 2833 utilitatibus,
1284 2731 1495 2812 Fucimecb
1517 2759 1612 2812 cum
1633 2731 1862 2834 thaberna,
1899 2730 2006 2814 silua

338 2861 381 2932 et
401 2845 507 2930 erola
528 2877 625 2931 cum
647 2858 828 2958 utroque
848 2848 989 2950 litore,
1028 2842 1251 2933 Kczunczin
1289 2837 1652 2952 cum'thabernis,
1667 2849 1775 2931 silua
1796 2858 1839 2931 et
1857 2835 2003 2957 pratis,
2059 2937 2062 2946 ,

337 2967 486 3078 Robora
509 2995 607 3049 cum
628 2965 854 3066 thaberna,
875 2968 1008 3074 pratis
1031 2974 1073 3046 et
1091 2976 1273 3077 utroque
1294 2965 1412 3050 litore
1434 2965 1553 3047 stoue
1576 2975 1737 3048 etcum
1759 2967 1885 3069 silua,
1908 2967 2004 3049 Mu

340 3087 436 3168 char
458 3114 554 3168 cum
576 3083 797 3186 thaberna,
818 3083 944 3188 silua,
960 3086 1091 3193 pratis
1113 3094 1157 3166 et
1174 3083 1355 3195 utroque
1375 3081 1668 3186 littore-alcaue,
1694 3079 1885 3167 Grodz'sce
1906 3111 2005 3168 cum

265 3197 270 3204 ’
338 3204 464 3306 silua,
485 3205 681 3310 pratiset
700 3203 922 3285 thaberna.
989 3199 1165 3286 Gradeoz
1187 3230 1284 3284 cum
1320 3201 1557 3306 thabernis,
1592 3203 1860 3306 molendinis,
1897 3203 2005 3286 silua

338 3315 383 3402 et
400 3323 552 3433 pratis,
588 3321 713 3405 Mons
735 3321 886 3402 sancti
921 3318 1138 3402 benedicti
1160 3329 1203 3402 st
1217 3317 1489 3430 placiacum
1509 3319 1731 3424 thaberna,
1760 3320 1913 3429 pratis,
1932 3349 2003 3402 ru·

336 3439 461 3540 batis,
483 3441 590 3523 silua
610 3439 888 3548 etstangnis,
925 3434 1126 3547 Praporal
1159 3465 1257 3518 cum
1293 3435 1534 3520 hominibus
1571 3439 1821 3547 ascripticijs
1844 3446 2004 3518 etcum

344 3553 466 3658 Vr‘sla,
490 3555 753 3638 Balearicum
774 3555 1004 3656 thaberna,
1026 3553 1176 3661 pratis,
1198 3553 1304 3635 silua
1325 3566 1368 3636 et
1394 3553 1524 3657 Vis-la,
1560 3541 1783 3638 Czutlronr‘ce
1807 3581 1904 3634 cum
1926 3553 2003 3638 ho‘·

336 3673 518 3772 minibus
540 3673 815 3784 ascripticijs„
854 3672 904 3776 In
926 3670 1068 3780 Sicine¹
1085 3674 1288 3781 sarthago
1311 3672 1367 3752 ad
1389 3671 1660 3780 coquendum
1690 3669 1821 3752 salem
1844 3679 1888 3750 et
1905 3698 2004 3780 pra-

336 3804 425 3876 tum
448 3789 633 3874 Skoaisr'a
655 3791 771 3902 quod
799 3787 945 3876 Vetrna
960 3815 1062 3900 pora
1103 3817 1128 3870 a
1148 3787 1258 3900 wigo
1297 3789 1446 3896 dicitur
1466 3790 1509 3868 in
1530 3797 1641 3870 terra
1661 3783 2004 3893 Lublensi,‘cum

211 3901 242 3950 '⁶
338 3911 428 4020 alijs
452 3910 746 4010 adiacentibus
767 3907 1094 4010 hereditatibus,
1116 3907 1160 3990 id
1182 3917 1249 3992 est
1270 3935 1366 3989 cum
1393 3897 1555 4015 Wysa'o,
1593 3903 1803 4006 Recza‘cza,
1828 3902 2003 4019 erumpo,

339 4029 528 4112 Juoerecz
549 4039 593 4112 et
611 4039 839 4138 utrumque
879 4027 997 4111 littus
1042 4021 1147 4108 Vr'sle
1169 4027 1424 4110 etclausure
1463 4023 1517 4106 ad
1550 4023 1800 4135 piscandum
1833 4033 2004 4106 etcum

337 4149 500 4256 stagnis
538 4143 699 4228 Jucsa'aa'
717 4173 828 4229 ¹cum
864 4143 1104 4228 hominibus
1142 4140 1405 4253 ascripticijs,
1442 4170 1539 4224 cum
1576 4139 1793 4224 thabernis
1827 4151 1869 4224 et
1898 4140 2002 4225 foro.
2035 4201 2039 4207 -
2110 4237 2114 4246 ,
2157 4147 2167 4156 “

338 4267 449 4352 Sunt
482 4275 674 4372 preterea
709 4289 854 4358 omnes
889 4262 1093 4370 premisse
1129 4261 1224 4346 ville
1262 4291 1358 4344 cum
1391 4259 1585 4346 omnibus
1607 4260 1845 4342 hominibus
1878 4270 1921 4340 et
1939 4260 2005 4338 in-

337 4385 458 4485 colis,
495 4411 592 4465 cum
614 4383 725 4466 omni
747 4381 993 4488 posteritate
1017 4405 1095 4459 sua
1117 4378 1172 4460 ab
1196 4379 1403 4466 omnibus
1430 4377 1741 4477 exactionibus,
1778 4375 2004 4470 solucioui-
2077 4373 2081 4395 '

334 4503 437 4609 bus,
459 4499 646 4612 angarijs
669 4507 712 4588 et
730 4499 996 4608 perangarijs
1017 4491 1250 4588 secundum
1272 4495 1621 4579 consuetudinem
1643 4505 1752 4575 terre
1774 4491 1893 4575 liberi
1908 4521 2004 4604 per·

263 4627 267 4634 ’
335 4631 466 4732 petuo
490 4631 535 4701 et
551 4622 847 4726 immune5,·et
867 4613 922 4698 ab
944 4613 1025 4725 hijs
1047 4643 1133 4728 que
1169 4643 1196 4696 a
1214 4613 1325 4725 wlgo
1361 4623 1501 4712 stoan,
1516 4619 1662 4711 etrozo,
1679 4609 1848 4722 prevod,
1866 4637 2002 4724 ponor,

336 4765 474 4837 eroon,
498 4739 923 4845 ovis'nuncupantur.
986 4733 1153 4818 sivero
1188 4731 1469 4837 homicidium
1495 4730 1701 4831 evenerit,
1739 4729 1856 4838 quod
1872 4730 2001 4830 absit,

334 4855 505 4954 in'villis
527 4855 791 4958 memoratis,
812 4849 957 4938 «ludex
992 4861 1144 4946 noster·
1169 4859 1280 4934 tunc·
1308 4847 1364 4956 ad
1400 4845 1628 4930 claustrum
1651 4845 1917 4932 descendens
1951 4845 2004 4960 de
2111 4885 2112 4888 κ
