4952 5926
1193 725 1240 772 xv

516 787 571 856 llr.
700 789 799 856 Anno
1984 830 2034 880 m,

508 887 577 956 CC.
708 891 801 956 1430.
846 891 1062 981 Priviiegium
1087 895 1287 962 venditionis
1313 893 1408 961 villae
1434 880 1566 960 Zerniiri
1591 893 1692 960 nobili
1717 894 1864 963 Andreae
1890 895 1929 963 de

842 979 992 1046 Kronou
1007 1003 1027 1044 a
1042 980 1179 1047 Nicoiao
1196 982 1235 1048 de
1250 981 1384 1048 Ostrow
1399 980 1506 1045 factae
1524 1024 1923 1049 ...........
1969 984 2032 1050 393

502 1056 588 1129 CCI.
706 1061 796 1126 1430.
840 1065 988 1166 hitterae
998 1066 1197 1165 venditionis
1210 1065 1303 1130 villae
1319 1053 1451 1130 Zerniki
1464 1064 1624 1130 Matthiae
1636 1066 1814 1164 castellano
1825 1067 1927 1133 Brae-

497 1229 598 1298 ccu.
705 1235 797 1300 1431.
841 1147 1928 1334 diieiiinihdibiliieisiiiiie'iiiiiiirssiihihnlohiah'viai
1964 1153 2027 1218 3⁹4

482 1397 597 1496 com.
703 1405 793 1470 1431.
839 1317 1682 1503 11111111111111111311...··.·
1700 1367 1808 1470 6111..
1824 1367 1928 1490 hin}
1968 1323 2029 1388 ³⁹⁵
2167 1355 2170 1364 ⁴

839 1491 1044 1564 collocatam.
1060 1487 1198 1554 Otsreka
1210 1490 1341 1568 dictam,
1353 1489 1575 1574 jurisdictioni
1586 1512 1624 1556 ec
1657 1491 1743 1556 esiae
1754 1490 1927 1576 paroehia-

836 1573 878 1639 lis
894 1576 927 1640 in
943 1571 1066 1671 oppido
1089 1559 1232 1639 Zoebow
1249 1573 1397 1660 adjungit
1399 1617 1921 1642 ..............
1966 1577 2027 1643 301

481 1653 598 1724 CCIV.
702 1659 795 1724 1431.
840 1657 1027 1728 Concordia
1051 1657 1138 1723 inter
1153 1659 1350 1724 monasteria
1374 1660 1559 1726 Tinecense
1575 1669 1608 1724 et
1634 1658 1860 1740 Stanietcense
1888 1662 1928 1726 de

838 1743 996 1812 electione
1012 1743 1193 1828 praepositi
1217 1743 1452 1824 Staniatcensis
1468 1753 1501 1808 et
1523 1745 1563 1809 de
1583 1744 1711 1828 juribus
1727 1747 1806 1831 ejus,
1834 1755 1925 1812 vete·

836 1851 905 1894 rem
920 1827 1010 1894 litem
1027 1851 1067 1892 ex
1083 1827 1243 1894 amicabili
1259 1829 1496 1913 compositione
1512 1827 1675 1903 dirimens,
1697 1840 1730 1896 et
1746 1852 1765 1894 a
1781 1829 1927 1916 Sbigneo

837 1913 879 1978 de
894 1911 1050 1980 Oiee'nica
1064 1915 1223 2000 episcopo
1238 1913 1442 1978 cracoviensi
1459 1913 1649 1978 confirmata
1678 1959 1923 1981 .......
1966 1919 2030 1984 333

487 1989 587 2060 CCV.
693 1999 786 2063 1432.
830 1997 1019 2088 Viadisiauq
1049 1997 1180 2084 Jagello
1207 2021 1264 2064 rex
1287 1999 1444 2064 Poioniae
1466 1997 1676 2084 privilegium
1697 1999 1924 2066 Lndovicire·

861 2084 888 2150 is
904 2084 1099 2148 monasterio
1117 2083 1337 2165 Steniatcensi
1352 2083 1474 2158 datum,
1491 2083 1660 2148 confirmat
1682 2129 1923 2150 .......
1967 2084 2029 2152 404

480 2160 597 2232 CCVI.
700 2167 791 2235 1435.
868 2167 993 2234 ibertus
1009 2167 1131 2234 Malski
1147 2165 1353 2235 Casteilanus
1365 2167 1590 2235 Laneiciensis
1607 2175 1640 2232 et
1655 2169 1846 2255 capitaneus
1858 2170 1926 2235 No·

836 2275 897 2318 vae
924 2251 1078 2319 Civitatis
1099 2253 1256 2339 Korczyn
1271 2253 1394 2332 dictae,
1420 2251 1545 2340 judicio
1562 2277 1637 2330 suo,
1662 2253 1747 2319 inter
1768 2253 1925 2354 oppidum

834 2338 1094 2488 ldirzytanowiee
1113 2357 1147 2404 er
1161 2339 1386 2426 praepositum
1400 2337 1543 2425 ejusdem
1558 2337 1633 2423 loci,
1652 2337 1743 2405 litem
1758 2349 1925 2422 antiquam
1986 2425 2026 2492 05

860 2424 961 2490 irimit
962 2467 1920 2488 ..........................
1964 2431 1985 2490 4

474 2502 606 2571 CCVII·
696 2509 788 2575 1431.
832 2507 993 2608 Receptio
1010 2507 1223 2608 §vantopeici
1249 2507 1288 2605 de
1304 2510 1449 2609 Cofzow
1463 2510 1499 2575 in
1520 2507 1678 2573 familiam
1692 2507 1851 2575 Vladisiai
1872 2531 1924 2572 re-

330 2672 337 2692 ,
462 2663 610 2742 com.
701 2594 2026 2777 ..3.4111131144ἐὶξὲἑὲ’13111111......1.1.·....;49

588 2797 596 2814 ·
834 2765 941 2831 catiae
960 2785 995 2827 nn
1011 2765 1145 2829 cavitate
1171 2764 1195 2832 J
1197 2764 1316 2831 asiensi
1331 2775 1365 2831 et
1379 2764 1530 2830 villarum
1552 2763 1700 2828 Ziotniki
1715 2771 1748 2828 et
1763 2757 1923 2828 Kramcze

834 2851 919 2916 inter
934 2851 1152 2936 Marcussium
1165 2847 1205 2915 de
1220 2850 1335 2938 Popey
1350 2859 1384 2916 et
1397 2849 1599 2936 Procopium
1614 2848 1654 2914 de
1670 2846 1840 2916 Cruzlowa
1854 2849 1922 2913 fac·
2043 2845 2077 2930 ss

423 2941 447 3020 *a
506 2975 510 2984 =
835 2945 904 3002 tum
920 2935 1090 3003 confirmat
1094 2977 1918 3002 ......................
1962 2935 2032 3000 410Ι

402 2959 597 3126 χᾗΟΌΙΧ.
697 3021 789 3088 1431.
835 3017 956 3088 Coram
969 3020 1147 3106 judicibus,
1163 3020 1293 3088 nobiles
1308 3021 1415 3088 Peliae
1429 3031 1462 3086 et
1472 3017 1597 3086 Zbianir
1612 3017 1653 3084 de
1669 3017 1841 3086 Jasaczow
1855 3019 1922 3083 lra-

469 3099 487 3140 ‘i
832 3115 900 3172 tres
915 3107 1001 3172 inter
1012 3130 1046 3173 se
1059 3108 1215 3194 germani,
1231 3117 1437 3174 contractum
1449 3116 1572 3172 certum
1585 3111 1839 3189 recognoscunt,
1855 3124 1921 3186 quo

832 3189 916 3256 aiter
936 3192 1030 3258 fratri
1055 3218 1115 3262 suo
1131 3192 1335 3258 ruthenicum
1357 3191 1562 3260 sacerdotem
1578 3188 1660 3255 alter
1680 3211 1761 3256 vero
1777 3187 1921 3255 invicem

829 3283 934 3342 totam
949 3287 1076 3364 partem
1092 3301 1185 3345 suam
1199 3278 1232 3342 in
1247 3277 1323 3342 vilia
1337 3277 1458 3344 Bialka
1473 3276 1604 3358 dictam,
1620 3273 1722 3340 donat
1745 3318 1916 3339 .....
1960 3275 2021 3340 411
2103 3313 2108 3318 -

478 3354 582 3442 CCX.
690 3353 781 3427 1430.
827 3360 1001 3430 Schuchna
1017 3387 1100 3430 uxor
1112 3359 1242 3429 Nicolai
1258 3362 1298 3428 de
1315 3362 1519 3444 Gniewiecin
1534 3359 1628 3426 villas
1645 3381 1721 3427 suas
1736 3359 1919 3425 haeredita·

828 3447 896 3512 ries
908 3447 952 3510 W
953 3448 1087 3526 idczice‚
1104 3447 1354 3530 Mikluseovicc,
1370 3448 1524 3514 Macrine
1536 3453 1569 3510 et
1584 3442 1747 3530 Giodnye,
1763 3445 1862 3510 Petro
1875 3444 1916 3510 de
1977 3474 1982 3484 ·

830 3527 1028 3598 Czcikoviee
1045 3533 1158 3598 vendit
1173 3556 1284 3598 coram
1296 3533 1422 3618 judicio
1438 3529 1585 3598 terrestri
1588 3574 1913 3595 .........
1958 3533 2021 3597 413

471 3609 592 3680 CCXL
692 3615 785 3679 1440.
829 3613 1007 3703 Privilegia
1023 3616 1182 3683 Viadislai
1207 3617 1298 3682 tertii
1313 3619 1399 3704 regis
1422 3615 1620 3683 monasterio
1644 3615 1679 3682 S.
1696 3613 1869 3680 Benedicti
1883 3615 1916 3678 in

829 3697 945 3764 Monte
961 3701 1064 3769 calvo
1089 3699 1227 3788 largiter
1243 3723 1402 3768 concessa
1404 3743 1914 3766 ..............
1958 3701 2019 3768 415

461 3777 597 3848 ΟΟΧΠ.
686 3786 779 3850 1442.
824 3783 1010 3853 Vladisians
1024 3786 1149 3864 tertius,
1176 3785 1333 3851 Poloniae
1351 3811 1389 3853 ac
1400 3785 1589 3870 Huugariae
1602 3807 1669 3862 rex,
1687 3784 1836 3850 omnibus
1850 3783 1916 3850 vil·

826 3867 868 3935 lis
881 3883 914 3935 et
925 3869 1182 3938 haereditatibus
1194 3873 1386 3937 monasterii
1397 3873 1532 3937 fratrum
1545 3869 1580 3937 S.
1591 3871 1762 3937 Benedicti
1773 3870 1808 3935 in
1819 3871 1917 3937 Mon·

827 3965 859 4018 te
876 3953 979 4022 Calvo
996 3957 1112 4058 privile
1139 3958 1203 4022 'um
1214 3957 1297 4042 juris
1320 3957 1481 4024 teutonici
1496 3957 1634 4042 largitur
1663 3999 1912 4022 .......
1956 3959 2019 4024 418

455 4037 606 4108 CCXIII.
688 4039 780 4105 1444.
824 4039 961 4108 Phenna
975 4043 1075 4109 vidua
1100 3979 1240 4109 tCiannis
1257 4041 1296 4107 de
1312 4043 1525 4128 ll'ojslawiee
1551 4049 1654 4107 totam
1682 4049 1804 4106 sortem
1823 4063 1913 4108 suam

824 4123 1074 4193 haereditariam
1089 4129 1122 4192 in
1138 4128 1216 4193 viiia
1237 4127 1479 4193 Mikiuszouice
1494 4148 1605 4192 coram
1627 4125 1792 4212 judicibus
1814 4126 1913 4192 Petro
2076 4197 2079 4206 ,

808 4215 809 4218 ’
826 4209 867 4276 dc
883 4211 1050 4280 Cilrowice
1065 4213 1178 4278 vendit
1193 4256 1911 4279 ...................
1955 4215 2016 4280 421

452 4292 602 4364 CCXIV·
693 4293 782 4360 1445.
826 4295 1018 4364 Leonardue
1034 4299 1073 4365 de
1092 4295 1610 4364 DrwenvelDzewincumfilio
1625 4295 1735 4362 viliam
1750 4317 1840 4362 snam
1853 4295 1916 4361 Pe·
2063 4309 2068 4320 ¹

823 4391 875 4448 tro
892 4381 1079 4450 Ciirowecio
1096 4383 1259 4468 subjudice
1274 4383 1478 4450 cracoviensi
1493 4382 1640 4470 obligant
1663 4424 1907 4448 .......
1953 4385 2033 4458 423

463 4467 596 4536 CCXV.
683 4467 776 4533 1450.
819 4465 966 4534 Joannes
982 4468 1022 4534 de
1035 4470 1171 4568 Teczpn
1186 4475 1329 4557 occupat
1343 4467 1430 4534 bona
1444 4467 1591 4534 defuncti
1605 4464 1733 4533 Nicolai
1750 4465 1910 4561 Seraphin
2020 4455 2028 4476 ⁸

601 4583 605 4592 ·
822 4550 983 4622 Giadiferi
998 4553 1227 4621 Cracovrcnsis
1242 4565 1276 4620 et
1289 4552 1456 4642 Zupparii,
1483 4554 1540 4638 qui
1556 4575 1630 4617 reus
1644 4550 1771 4616 exstitit
1795 4572 1829 4616 ru
1845 4552 1911 4618 sol·

820 4637 937 4705 vendis
953 4639 1101 4706 ducentis
1123 4639 1243 4708 marcis
1273 4677 1830 4708 ...............
1840 4649 1869 4698 '·
1900 4685 1908 4704 .
1952 4640 2016 4704 424

452 4721 603 4791 CCXVI.
684 4725 776 4793 1460.
821 4722 942 4790 Oblata
967 4725 1137 4808 cujusdam
1162 4724 1373 4813 obligationis
1399 4723 1527 4789 invilla
1551 4721 1675 4787 Drweu
1699 4719 1752 4786 vei
1770 4721 1909 4789 Dzewin

821 4811 941 4890 iactae,
961 4809 1261 4898 coram-capitaneo
1277 4807 1491 4878 Cracoviensi
1505 4851 1668 4873 .....
1685 4899 1689 4906 Ι
1699 4851 1864 4873 .....
1898 4852 1908 4873 .
1950 4809 2014 4874 420
