4856 5932
1036 722 1364 798 -aoo-·

347 937 416 1012 tus
438 922 676 1011 nominibus
699 913 759 1006 ab
775 949 860 1006 vna
893 929 936 1004 et
967 921 1046 1007 deo
1079 921 1235 1020 deuota
1264 921 1537 1032 Margaratba
1566 916 1801 1006 Abbatissa
1831 921 1999 1008 Sancti-

348 1039 588 1132 monialium
608 1039 853 1150 Monasterij
883 1043 926 1124 in
948 1038 1192 1151 Stacyatdlcy
1230 1036 1400 1124 Ordinis
1429 1043 1566 1124 sancti
1598 1036 1820 1125 Benedicti
1848 1069 1924 1128 suo
1957 1052 2001 1126 et

250 1157 255 1166 ’
350 1163 596 1253 Conuentns
628 1155 694 1244 sui
721 1160 860 1246 tocius
891 1161 1130 1246 nominibus
1154 1159 1449 1244 Oracouiensis
1487 1159 1678 1270 dyocesis
1714 1159 1907 1270 partibus
1944 1162 2000 1247 ab

349 1285 481 1370 altera
501 1282 693 1392 volentes
714 1280 928 1364 hincinde
949 1307 1123 1390 parcere
1144 1279 1301 1384 litibus,
1322 1273 1551 1384 laboribus,
1589 1281 1895 1391 controuersijs,
1918 1281 2003 1364 dis·

348 1401 566 1514 plicanoijs
590 1411 633 1484 et
653 1400 848 1510 expensis
870 1399 922 1512 de
943 1400 1126 1482 unanimi
1161 1397 1348 1508 ipsorum
1382 1397 1598 1485 voluntate
1620 1410 1663 1482 at
1684 1399 1875 1509 diligenti
1898 1400 2000 1482 deli·

347 1523 572 1609 beracione
593 1528 738 1604 mutuo
755 1517 1000 1629 prehabito
1020 1527 1169 1628 sponte
1202 1546 1254 1618 ac
1266 1516 1397 1601 libere
1413 1519 1605 1602 omnibus
1621 1518 1858 1603 melioribus
1875 1520 2002 1604 modo

348 1644 420 1728 via
440 1639 546 1725 Jure
568 1667 699 1722 causa
718 1646 761 1721 et
781 1636 916 1757 forma
939 1637 1094 1746 quibus
1107 1636 1262 1741 ‚melius
1286 1645 1328 1720 et
1348 1635 1564 1721 efficacius
1600 1647 1833 1746 potuerunt
1865 1647 1907 1720 et
1927 1639 2010 1722 da-.
2088 1657 2094 1672 ’

213 1834 216 1842 ,
347 1761 543 1863 buerunt,
566 1759 617 1841 da
643 1769 685 1842 et
704 1785 830 1868 super
859 1760 1036 1842 materia
1072 1758 1303 1868 questionis
1341 1767 1383 1840 at
1418 1757 1714 1865 controuersijs
1746 1757 1853 1842 inter
1887 1759 2003 1869 ipsos
2038 1759 2044 1764 ’
2086 1775 2088 1780 ’

187 1941 192 1952 -
282 1875 288 1890 ’
350 1880 572 1967 occasione
594 1879 797 1988 prepositi
826 1885 868 1961 at
888 1878 1155 1988 prepositura
1181 1877 1223 1958 in
1255 1877 1367 1960 dicto
1383 1875 1651 1966 xMonosterio
1690 1875 2003 1961 Sanctimonia·
2052 1895 2054 1900 '

347 2000 447 2084 lium
466 2000 510 2080 in
534 1993 776 2109 Stoayotlalcy
799 2003 842 2078 et
861 1998 993 2106 ipsius
1026 1996 1238 2080 eleccione
1270 1996 1423 2080 exortis
1444 1996 1697 2080 unanimiter
1721 2004 1763 2078 et
1783 1997 2000 2080 concordi-

348 2129 414 2202 ter
436 2117 488 2201 da
510 2116 598 2201 alto
621 2129 664 2200 et
684 2116 811 2201 basso
843 2117 886 2198 in
905 2143 983 2200 nos
1004 2124 1048 2198 et
1070 2141 1305 2199 assessores
1336 2125 1502 2200 nostros
1535 2113 1825 2224 infrascriptos
1853 2116 2004 2198 videli-

349 2247 419 2322 cet
438 2237 736 2339 Reuerendum
756 2238 799 2318 in
822 2233 990 2320 Christo
1012 2245 1179 2345 patrem
1202 2235 1415 2318 dominum
1433 2231 1463 2316 J
1465 2234 1674 2318 ohannem
1692 2234 1840 2316 eadem
1857 2235 2005 2346 gracia

348 2357 608 2468 Episcopum
629 2353 1022 2441 Wladislauiensem
1043 2381 1210 2438 necnon
1231 2351 1506 2437 Venerabilas
1524 2362 1567 2436 at
1582 2353 1851 2436 honorabiles
1870 2353 2004 2437 domi·-
2091 2455 2092 2458 Ν
2135 2437 2161 2494 n„

350 2502 427 2560 nos
448 2475 728 2561 Wladislaum
766 2474 818 2558 de
851 2472 1049 2586 Opporow¹
1068 2471 1123 2585 (²)
1154 2472 1415 2558 decretorum
1453 2473 1668 2564 doctorem
1699 2471 2006 2557 vicecancella-

347 2596 455 2687 rium
477 2595 616 2704 Regni
636 2592 807 2690 Polonia
827 2591 1082 2702 Magistrum
1103 2587 1623 2705 AndraamdeKolcorzyno
1641 2589 1772 2676 Sacra
1787 2589 2004 2703 theologie

348 2712 629 2824 professorem
666 2711 1007 2816 archidiaconum
1044 2710 1268 2796 Nicolaum
1294 2707 1546 2820 Pyeayoazelc
1575 2711 1837 2822 prepositum
1873 2707 2006 2797 daco-

347 2834 451 2917 bum
474 2833 526 2914 de
547 2831 734 2916 Zaborow
756 2830 998 2917 iohannem
1028 2829 1079 2913 da
1100 2828 1237 2942 Elpod
1271 2828 1535 2914 decretorum
1556 2830 1750 2914 doctores
1772 2840 1815 2912 et
1834 2829 2006 2924 Petrum

350 2949 650 3060 Chroaatcwalcp
693 2950 933 3036 canonicos
979 2950 1172 3035 Ecclesia
1203 2947 1469 3036 Gathadralis
1508 2947 1803 3034 Oracouiensis
1832 2977 2007 3059 prasen-
2046 2954 2048 2958 ’
2114 3047 2117 3054 Ι

347 3083 414 3156 tas
436 3081 479 3154 at
500 3096 607 3155 onus
627 3070 867 3156 huiusmodi
887 3068 1179 3180 compromissi
1198 3071 1245 3154 in
1266 3097 1314 3152 se
1336 3076 1560 3177 sponteac
1579 3066 1708 3152 libare
1729 3070 2007 3178 suscipientes
2162 3083 2164 3090 '

348 3191 726 3302 compromiserunt
744 3200 964 3296 tamquam
985 3193 1030 3272 in
1051 3190 1231 3274 arbitros
1269 3185 1540 3272 arbitratores
1562 3195 1605 3268 et
1626 3186 1869 3271 amicabiles
1891 3215 2012 3274 corn·r

347 3312 555 3420 posituras
577 3337 604 3390 a
624 3309 876 3418 supradictis
908 3307 1103 3417 partibus·
1139 3311 1373 3421 signanter·
1391 3308 1642 3412 nominatos,
1672 3305 1820 3392 dantes
1844 3321 1887 3389 at
1906 3336 2007 3394 con·

348 3429 548 3511 cedentes
568 3427 758 3536 predicta
778 3435 922 3537 partes
945 3435 988 3509 at
1010 3455 1154 3512 aarum
1178 3429 1369 3537 quelibet
1401 3427 1657 3510 coniunctim
1679 3435 1723 3509 at
1744 3427 1909 3510 diuisim
1930 3455 2008 3511 no·

348 3545 480 3633 biset
502 3545 624 3628 dictis
645 3548 799 3630 nostris
821 3547 1109 3629 assessoribus
1147 3544 1470 3632 arbitratoribus
1502 3553 1546 3627 et
1571 3543 1876 3630 amicabilibus,
1891 3571 2007 3630 com-

347 3662 605 3776 positoribus
624 3662 791 3773 plenam
814 3674 858 3748 et
878 3666 1168 3750 omnimodam.
1181 3675 1438 3775 potestatem
1461 3691 1513 3747 ao
1528 3665 1760 3774 plenariam
1776 3667 2007 3750 auctorita-

346 3797 433 3870 tem
456 3785 510 3867 de
529 3793 573 3864 at
593 3811 720 3895 super
751 3782 946 3868 omnibus
984 3793 1027 3868 at
1058 3785 1237 3897 ‚singulis
1276 3783 1495 3892 discordijs
1534 3794 1575 3866 at
1612 3781 1865 3892 diffarencijs
1900 3783 2008 3868 inter

346 3905 460 4015 ipsos
484 3904 637 3988 exortis
660 3905 881 3989 occasione
902 3903 1082 4014 predicti
1109 3906 1311 4014 prepositi
1345 3903 1612 4014 prepositure
1647 3901 1827 4013 predicti
1862 3901 2009 3990 Mona·
2052 3896 2056 3906 ’
2116 3960 2119 3968 1

347 4025 460 4135 starij
499 4022 894 4114 sanctimonialium
922 4025 966 4106 in
988 4022 1233 4135 Staayothlop
1256 4033 1299 4108 at
1319 4025 1408 4106 eius
1443 4022 1654 4108 eleccione
1687 4023 1943 4107 coniunctim
1965 4034 2008 4105 at

347 4143 513 4226 diuisim
535 4145 760 4228 summarie
781 4143 1027 4252 simpliciter
1049 4170 1100 4225 ac
1123 4144 1213 4226 sine
1235 4143 1417 4253 strepitu
1437 4153 1480 4224 et
1499 4141 1640 4254 figura
1667 4140 1828 4251 Judicij
1858 4169 2008 4252 proca-

348 4261 475 4345 dandi
510 4257 730 4346 ordinandi
769 4262 1050 4374 componendi
1086 4261 1321 4346 arbitrandi
1358 4261 1652 4345 sentenciandi
1696 4260 1930 4348 diffiniendi
1966 4273 2009 4344 et

345 4379 678 4489 pronuncciandi
696 4381 741 4464 in
761 4384 918 4493 scripto
938 4381 1009 4466 uel
1028 4410 1114 4468 non
1133 4384 1177 4465 in
1198 4385 1367 4495 scripto,
1400 4379 1519 4464 duris
1555 4381 1700 4466 ordine
1737 4391 1907 4467 seruato
1939 4380 2006 4465 vel

346 4527 433 4586 non
453 4507 624 4584 seruato
643 4505 934 4608 promittentes
970 4501 1163 4609 predicte
1200 4512 1343 4613 partes
1380 4499 1665 4617 stipulacione
1700 4527 1902 4584 manuum
1924 4500 2008 4585 sol-

346 4619 503 4730 lempni
525 4645 572 4703 se
592 4627 731 4702 ratum
753 4627 922 4732 gratum
945 4629 1075 4732 atque
1095 4619 1264 4704 firmum
1299 4629 1505 4730 perpetue
1539 4616 1784 4701 habiturum
1812 4629 2010 4716 seruatu-

449 4805 491 4888 (ἵ)
514 4804 637 4871 Factus
652 4823 738 4868 anno
756 4805 838 4869 1432
853 4801 1204 4904 sequantluepiscopus
1220 4802 1427 4954 apamensis,
1445 4811 1478 4900 et
1494 4801 1575 4900 1445?
1591 4801 1713 4901 primas
1736 4803 2005 4892 archiepiscopus
2110 4889 2111 4893 Ἰ
2240 4791 2243 4797 ’
2359 4820 2364 4829 ·

348 4890 549 4979 gnesnensis.
575 4889 706 4979 Oporow
722 4887 803 4954 villa
817 4889 888 4975 ejus
902 4911 1037 4977 propna
1051 4909 1086 4952 m
1102 4887 1236 4974 antiqua
1283 4888 1460 4955 anoiciensr
1475 4909 1657 4976 provincia.
