4822 5924
1037 1095 1273 1213 cnxxlx.

670 1351 1117 1459 Korama-2⁵
1133 1352 1281 1492 Μυῒ
1299 1347 1443 1438 1393
1460 1373 1625 1440 marro.
1653 1301 1655 1310 χ

353 1575 487 1652 sumu
500 1571 538 1648 le
555 1573 697 1660 Tarraca,
712 1573 872 1648 Prbthnr
885 1571 1215 1674 machinationi
1230 1591 1537 1666 narrentanorum
1557 1573 1749 1666 pragensium
1762 1576 1850 1651 ueri
1862 1591 1937 1655 mre

622 1675 802 1752 &thebata
815 1675 847 1749 iil
860 1675 941 1752 rilllr
957 1675 1147 1746 Craa'azewiea
1161 1677 1194 1750 et
1210 1675 1451 1768 Srczapcaowice
1465 1676 1601 1750 inscribit
1618 1679 1667 1760 (¹).

420 1885 677 1973 Villadislaus
700 1885 769 1968 dei
790 1883 937 1996 gracia
958 1883 1051 1969 Rex
1070 1881 1245 1970 Polonie
1279 1885 1565 1997 lithuanieque
1586 1883 1789 1996 Princeps
1811 1887 1969 2000 Supre-

316 2034 410 2091 mus
433 2017 475 2090 et
494 2007 618 2090 heres
639 2005 792 2091 Russic
814 2015 894 2086 etc.
948 2002 1248 2115 Significamus
1283 2005 1487 2088 vniuersis
1509 2003 1666 2116 quibus
1687 2007 1856 2114 expedit
1874 2037 1969 2119 pre-

316 2127 506 2210 sencium
540 2125 738 2210 noticiam
774 2121 999 2226 habituris,
1036 2119 1162 2222 Quod
1199 2121 1255 2206 ad
1290 2133 1478 2208 nostram
1513 2127 1684 2206 veniens
1705 2128 1967 2233 presenciam

317 2241 522 2330 Strenuus
543 2245 660 2328 miles
683 2241 902 2328 Johannes
925 2241 977 2322 de
999 2242 1193 2324 Thornoeo
1214 2242 1431 2327 Palatinus
1452 2252 1597 2328 noster
1620 2241 1970 2329 Sandomiriensis

313 2361 449 2448 fidelis
486 2365 666 2448 dilectus
687 2363 784 2448 Non
804 2359 1049 2470 compulsus
1086 2387 1227 2471 neque
1248 2389 1321 2472 per
1343 2389 1541 2462 errorem,
1574 2360 1660 2446 Sed
1681 2389 1733 2443 cx
1755 2371 1871 2445 certa
1891 2391 1969 2447 sua

313 2484 498 2566 sciencia
517 2483 737 2568 voluntate
758 2506 931 2592 quoque
953 2475 1091 2562 Validi
1112 2477 1354 2588 Spithconis
1381 2479 1690 2566 Subcamerarii
1710 2483 1842 2564 nostri
1863 2481 1967 2568 Ora-

313 2603 521 2686 couiensis
543 2612 587 2693 et
606 2625 817 2688 consensu
851 2625 978 2710 super
1007 2599 1090 2682 hoc
1121 2599 1357 2707 specialiter
1394 2601 1645 2706 accedente,
1684 2596 1966 2712 Octingentas
2078 2661 2081 2678 .

312 2747 478 2804 marcas
500 2747 743 2834 grossorum
763 2717 1042 2832 Pragcnsium
1063 2721 1220 2804 nummi
1241 2717 1493 2804 Polonicalis
1516 2721 1718 2804 consueti.
1772 2715 1965 2818 Quadra-

268 2924 273 2933 ,
312 2839 433 2954 ginta
453 2848 550 2926 octo
572 2865 742 2952 grossos
762 2837 807 2920 in
826 2865 1014 2925 marcam
1045 2837 1279 2972 quamlibet
1307 2837 1503 2923 videlicet
1525 2837 1831 2948 computando,
1852 2838 1903 2922 In
1924 2852 1967 2924 et
2059 2859 2065 2869 “

193 3045 202 3064 ,
311 2985 438 3070 super
459 2959 588 3044 'totali
618 2957 854 3044 hereditate
892 2953 1117 3041 Crza'roeoeez
1138 2967 1180 3040 et
1198 2960 1242 3041 in
1261 2965 1382 3069 parte
1414 2953 1554 3040 media
1583 2957 1681 3042 ville
1705 2957 1965 3070 Serapanoai-

312 3103 375 3162 oze
397 3075 450 3193 (¹)
471 3080 514 3161 in
536 3075 672 3164 Terra
693 3087 837 3164 nostra
860 3075 1133 3162 Graccuriensi
1152 3079 1319 3162 situata:
1366 3077 1506 3164 Nobili
1526 3074 1757 3163 Katherine
1780 3081 1965 3163 consorti

310 3223 386 3281 sue
409 3199 537 3310 dedit,
559 3197 737 3283 contulit
757 3209 801 3279 at
820 3223 962 3280 coram
983 3195 1107 3278 nobis
1135 3197 1214 3280 rite
1247 3205 1289 3282 et
1318 3195 1669 3281 racionabiliter...
1692 3197 1845 3282 veri-et
1864 3196 1964 3284 iusti

302 3310 497 3398 'dotalicii
517 3317 747 3400 liberaliter
767 3315 1025 3426 assignauit,
1054 3313 1267 3402 itatamen
1297 3316 1413 3427 quod
1434 3317 1470 3399 si
1489 3315 1699 3426 prefatum
1720 3313 1751 3400 ,J
1753 3317 1964 3402 ohannem

307 3431 549 3518 Palatinum
570 3435 769 3519 altissimo
790 3435 1059 3543 permittente
1076 3434 1131 3518 ab
1146 3435 1230 3520 hac
1243 3438 1336 3522 luce
1358 3435 1542 3547 migrare
1563 3435 1791 3546 contigerit
1811 3435 1963 3520 eadem

306 3549 527 3638 katherine
546 3555 773 3667 superstite
792 3559 1038 3636 remanente
1058 3559 1159 3636 tunc
1179 3558 1372 3666 predicta
1391 3553 1612 3638 katherine
1632 3554 1866 3662 predictam
1886 3553 1963 3638 vil-

307 3675 390 3758 lam
412 3702 509 3756 cum
529 3675 688 3778 media,
718 3673 886 3784 plenam
908 3669 1085 3756 habebit
1105 3681 1148 3756 et
1166 3674 1391 3784 pacificam
1411 3681 1668 3782 potestatem
1689 3670 1877 3756 habendi
1897 3681 1962 3756 te·
2027 3767 2030 3776 ¹

307 3795 434 3877 nendi
454 3793 682 3878 vtifruendi
701 3802 745 3875 et
764 3791 1011 3904 possidendi
1028 3793 1191 3875 tamdiu
1209 3791 1408 3878 videlicet
1428 3817 1653 3904 quousque
1668 3791 1711 3872 in
1727 3791 1849 3877 thoro
1864 3821 1961 3902 per-

306 3914 508 3997 manserit
526 3913 694 4016 viduali‚
711 3911 821 3998 Oum
836 3920 977 3994 autem
994 3913 1050 3996 ad
1065 3913 1275 3997 secundas
1295 3913 1475 4024 nupcias
1496 3911 1785 4004 conuolauerit
1806 3923 1959 3998 extunc

306 4032 451 4117 solutis
471 4033 671 4143 predictis
693 4025 963 4143 Octingentis
983 4032 1136 4115 marcis
1159 4059 1402 4142 grossorum
1424 4039 1467 4114 et
1486 4029 1772 4142 polonicorum
1801 4059 1959 4128 memo·

303 4161 395 4235 rate
414 4149 635 4236 katherine
656 4179 732 4262 per
750 4150 1023 4266 proximiores
1054 4153 1285 4261 supradicti
1315 4148 1527 4236 «iohannis
1555 4150 1736 4238 Palatini
1767 4152 1959 4263 predicta
2023 4253 2025 4260 7
2063 4168 2069 4184 ’
2154 4255 2158 4264 Ι

304 4271 408 4355 villa
446 4262 661 4355 Crziroaiez
696 4281 739 4355 et
772 4299 873 4382 pars
907 4261 1050 4356 media·
1082 4269 1179 4356 ville
1215 4269 1539 4383 Srczeponouicze
1565 4271 1632 4354 ad
1669 4271 1856 4354 eiusdem
1878 4266 1955 4354 Jo-

321 4571 324 4578 .
409 4506 449 4588 (¹)
471 4503 697 4594 Apograplron
712 4528 753 4574 ex
769 4503 952 4607 archetypo
967 4504 1178 4592 descriptum.
1206 4505 1259 4572 Da
1275 4505 1299 4574 J
1301 4525 1407 4572 caune
1420 4502 1566 4593 palatino
1579 4511 1613 4569 et
1626 4499 1704 4568 villa
1718 4501 1787 4570 eius
1803 4503 1956 4592 Krryazo-

301 4594 386 4672 wita,
400 4591 486 4658 conf.
503 4590 631 4658 tabulas
647 4591 797 4678 superius
810 4601 901 4691 typus
917 4600 1075 4690 exaratas..
1282 4675 1291 4690 .
1542 4669 1550 4690 .
1614 4671 1622 4688 ι
1724 4671 1731 4686 ι
1780 4671 1786 4687 ι
1910 4674 1919 4690 .

406 4677 446 4760 (ἵ)
471 4673 722 4778 Sarapanpwire:
737 4675 820 4743 duae
835 4675 932 4743 vrllae
949 4686 1024 4742 sunt
1042 4673 1188 4760 eJusdem
1201 4673 1343 4742 nammis
1358 4675 1392 4742 in
1409 4671 1623 4739 Craocvrensr
1638 4691 1811 4758 provincia
1824 4681 1857 4739 et
1872 4673 1953 4740 Mre-

301 4761 472 4830 choriensi
484 4770 662 4840 territorio,
679 4781 814 4846 quarum
833 4761 934 4830 altera
952 4761 994 4827 ad
1008 4758 1230 4850 parochialem
1244 4755 1418 4829 ecelesiam
1434 4759 1468 4826 in
1481 4756 1689 4836 Ntadz'wiaaa,
1702 4757 1804 4824 altera
1815 4758 1857 4825 ad
1871 4759 1955 4827 Mie-

301 4846 520 4918 cborrieneern
533 4855 672 4934 spectat.

404 4949 539 4995 ronnrm.
1704 4949 1746 5014 45
