4822 5924
1034 720 1079 737 -
1134 682 1313 758 29³-

1089 1126 1246 1243 CXLl.

628 1357 1045 1464 &meviae-5
1061 1307 1365 1466 remmus
1381 1381 1527 1470 1365
1553 1403 1719 1468 anno.
1871 1369 1878 1378 ’

247 1641 255 1660 ·
335 1602 458 1680 retus·
471 1551 650 1686 llonlullr.
665 1576 752 1672 lnor¹
762 1599 795 1669 et
809 1554 1009 1688 {aunella
1024 1616 1145 1672 sorores
1163 1571 1243 1672 inter
1257 1576 1295 1674 ie
1305 1618 1477 1690 germanae,
1493 1605 1597 1692 priter
1612 1619 1686 1675 arra
1700 1555 1818 1676 116111
1835 1601 2004 1674 Crzueovi·

574 1778 614 1804 ,Ι
654 1767 659 1772 .
711 1723 753 1778 ce,
772 1699 918 1792 mrum
931 1700 1161 1830 tricennarii
1176 1701 1410 1808 &depluent
1423 1704 1560 1780 rendunt
1573 1707 1627 1805 ς’).

439 1911 529 1994 Nos
561 1905 816 1992 Bodzantha
847 1891 1108 1990 Serenissiini
1135 1895 1348 2018 'Principis'
1370 1905 1527 1993 domini
1546 1911 1748 1994 Kasimiri
1767 1913 1901 2024 Regis
1922 1913 2006 1996 Po-

244 2067 252 2088 *
335 2029 472 2114 loniae
485 2027 749 2124 Procurator
770 2023 999 2111 Terrarum
1022 2023 1229 2112 Oracouie
1252 2035 1295 2108 et
1316 2025 1578 2140 Sandomirie
1609 2013 1832 2139 generalis.
1884 2031 2007 2114 Noti-

337 2145 747 2230 fioantes-vniuersis
768 2141 1037 2251 presentibus
1059 2156 1102 2225 et
1121 2143 1272 2228 futuris
1303 2148 1563 2254 presentium
1595 2147 1704 2232 serie
1742 2149 2005 2243 declaramus

338 2266 455 2375 quod
491 2289 569 2348 nos
605 2259 771 2346 nobiles
811 2261 1031 2344 domicello
1067 2261 1150 2358 filie
1188 2261 1434 2356 Gneuomiri
1470 2265 1527 2346 de
1558 2261 1794 2350 orzi-'sonim
1816 2263 1942 2346 Anna
1964 2276 2007 2346 et

37 2401 40 2408 '
191 2433 224 2460 ·.
337 2380 614 2493 Margaretha
655 2403 820 2467 sorores
861 2407 1063 2488 germane
1102 2381 1146 2462 in
1189 2384 1392 2492 a-pscncia
1407 2453 1410 2460 .
1428 2381 1525 2496 (sic)
1568 2383 1725 2466 domini
1756 2381 1901 2491 Regis,
1920 2407 2008 2466 non

338 2511 489 2588 coacte
509 2526 596 2582 non
617 2497 837 2605 compulso
859 2497 1101 2600 adnostram
1135 2498 1233 2608 (sic)
1269 2503 1534 2610 presenciam
1569 2501 1788 2584 venientes
1821 2498 2005 2585 Strenuo

150 2647 156 2656 ·
281 2644 298 2735 j
337 2623 427 2706 viro
450 2617 617 2729 domiuo
639 2615 1203 2724 RaphaeleSubcamerario
1237 2617 1571 2705 Sandomiriensi
1591 2627 1725 2702 totam
1746 2621 1917 2726 partem
1935 2646 2007 2702 ea·

145 4803 149 4812 ’
207 4847 219 4874 ·
282 4864 290 4881 x
343 4815 449 4899 wael·

337 2767 440 2822 rum·
463 2733 600 2821 medie
629 2733 879 2824 hereditatis
908 2734 1065 2816 ibidem
1087 2735 1131 2822 in
1154 2732 1392 2832 Creisozricre
1410 2738 1544 2844 ipsas
1564 2733 1815 2846 tangentem
1836 2764 1913 2846 pro
1934 2737 2008 2822 tri-

285 2891 289 2902 ’
339 2858 461 2968 ginta
490 2852 644 2939 marcis
675 2877 920 2964 grossorum
951 2855 1135 2936 numeris
1165 2854 1412 2964 poloniculis
1434 2857 1639 2968 currentis
1661 2853 1942 2944 vendiderunt
1965 2862 2008 2936 et

340 3001 482 3059 coram
519 2971 641 3056 nobis
676 2969 804 3056 libere
845 2971 1116 3082 resignarunt
1147 2999 1245 3054 cum
1275 2974 1388 3058 omni
1414 2974 1511 3082 jure
1532 2983 1575 3053 et
1595 2973 1778 3056 dominio
1799 2981 1927 3081 prout
1947 2972 2007 3056 ibi
2092 3011 2097 3022 ·

339 3093 426 3178 sole
457 3099 705 3202 tenuerunt,
735 3087 979 3192 habuerunt
999 3098 1043 3172 et
1061 3092 1333 3200 possiderunt
1363 3113 1460 3176 eum
1492 3091 1691 3176 omnibus
1722 3087 1931 3176 fructibus
1954 3092 2009 3176 ad

340 3211 511 3297 easdem
532 3215 676 3318 partes
696 3207 1020 3316 pertinentibus.
1040 3205 1355 3319 Quamqnidem
1371 3209 1666 3294 vendicionem
1683 3219 1727 3292 et
1742 3210 2009 3316 empcionem

339 3329 532 3412 Annaet
554 3326 828 3436 Margaretha
854 3325 1050 3434 predicte
1082 3354 1179 3409 cum
1211 3327 1380 3414 domino
1404 3323 1727 3432 Subcamermio
1748 3325 1914 3434 prefato
1937 3353 2009 3410 co-

339 3475 434 3531 ram
449 3443 576 3538 ,nobis
599 3445 702 3526 etin
724 3444 946 3552 presencie
964 3442 1196 3550 proborum
1211 3447 1395 3530 virorum
1416 3445 1525 3528 infra
1546 3447 1799 3553 scriptorum
1817 3446 1881 3526 ¹eis
1904 3448 2009 3557 ami7

310 3565 537 3649 ‘cabiliter
570 3561 863 3670 „compositam¹
884 3559 1218 3644 ratificauerunt·
1240 3573 1283 3646 et
1318 3564 1620 3648 ordinauerunt
1656 3572 1781 3670 prout
1816 3563 2009 3668 superius

341 3693 442 3770 sunt
458 3705 664 3791 expressa
682 3678 934 3790 diligencius
964 3680 1181 3788 perpetuis
1212 3680 1475 3788 temporibus
1497 3679 1724 3764 obseruare
1746 3677 1869 3762 nullis
1891 3679 2009 3762 cleu·

340 3804 447 3889 sulis
467 3801 562 3886 aliis
582 3797 826 3882 interiectis.
876 3797 1034 3882 Actum
1056 3807 1098 3878 et
1120 3795 1268 3900 datum
1291 3795 1475 3883 Cruoovie
1495 3799 1538 3878 in
1561 3798 1628 3882 die
1652 3796 1812 3882 Sancte
1834 3798 2009 3907 Agathe

340 3921 421 4008 sub
442 3920 567 4024 Anno
589 3917 762 4004 Domini
779 3917 1000 4002 Millesimo
1023 3915 1223 4002 OOOLX
1244 3916 1414 4024 quinto..
1447 3914 1723 4000 Prosentibus
1744 3916 1825 4024 hijs
1847 3915 2011 4000 Nobili-

339 4041 421 4126 bus
444 4034 697 4124 Oastellanis
719 4034 904 4122 Crotone
926 4033 981 4150 (²)
1002 4033 1254 4122 Lublinensi
1275 4045 1318 4118 et
1337 4034 1561 4118 Pa'schone
1583 4031 1899 4146 BeijcziensiO)
1919 4033 2011 4118 Do·
2145 4139 2149 4148 ἱ

341 4161 455 4246 mino
477 4143 661 4244 Oristino
684 4147 921 4246 Vexillifero
943 4165 986 4236 et
1005 4145 1257 4240 Haridalone
1279 4151 1335 4266 (⁴)
1366 4151 1572 4265 Dapifero
1595 4151 2022 4264 Sandomiriensibus

447 4393 487 4472 (Ι)
509 4389 539 4454 Ε
555 4387 665 4453 tabule
679 4385 870 4454 authentica
885 4386 1096 4472 descriptum.

447 4475 489 4553 (ll
513 4472 623 4560 Vulgo
645 4469 729 4550 Geor,
745 4473 837 4556 cujus
852 4471 983 4558 insigne
999 4471 1132 4556 Baete,
1152 4473 1222 4570 jem
1239 4493 1338 4557 supra
1353 4469 1425 4538 sub.
1442 4491 1471 4534 a.
1486 4472 1567 4536 1363
1581 4477 1792 4537 memoratus.

238 4621 242 4634 ,
449 4557 488 4636 (⁸)
512 4557 644 4622 Pascbo
658 4551 780 4643 legitur
795 4555 992 4622 castellanus
1005 4555 1180 4622 Biecensrs
1195 4556 1287 4620 annis
1304 4557 1387 4622 1359
1403 4561 1437 4620 et
1453 4555 1534 4620 1365
1550 4577 1626 4619 oum
1640 4553 1744 4621 Paulo
1761 4551 1941 4620 castellano
1957 4577 2009 4622 cn.

346 4643 440 4720 1363,
456 4649 753 4728 supramemorato
771 4643 826 4726 (pa
851 4639 965 4721 stili),
981 4661 1045 4706 une
1061 4649 1280 4726 estpersona.
1391 4663 1395 4670 ·
1978 4699 1983 4708 ,
2136 4695 2143 4700 .

448 4727 488 4809 (⁴)
511 4723 653 4794 Bandko
672 4724 800 4810 dapifer
841 4723 1092 4792 endomiriensis
1105 4745 1205 4811 supra
1218 4723 1340 4811 legitur
1355 4722 1447 4788 annis
1464 4723 1544 4788 1361
1563 4731 1596 4788 et
1612 4723 1694 4790 1362
1710 4721 1792 4806 (vid.
1805 4745 1880 4813 pag.
1898 4727 1960 4793 268
1978 4737 2012 4792 et
