4822 5924
1146 761 1194 776 -
1247 720 1322 796 328
1373 759 1431 788 -.

1199 1105 1374 1224 clxv.
1421 1129 1425 1136 ’

745 1365 1005 1450 Tiberine
1012 1363 1142 1452 -26
1159 1363 1481 1448 Decembris
1497 1360 1643 1450 1³83
1661 1369 1825 1449 anno.
1918 1354 1921 1364 ’

493 1585 723 1659 loannes
738 1583 834 1658 ritus
848 1584 1024 1658 nonmui
1037 1583 1208 1660 tuentis
1221 1583 1409 1676 punierim
1423 1582 1529 1656 trun
1551 1581 1660 1656 rann
1673 1581 1754 1656 licto
1770 1583 1880 1652 ciras
1893 1547 1983 1674 super
1995 1583 2072 1657 scut

963 1688 1072 1760 btirn
1086 1687 1178 1760 ntro
1193 1689 1397 1771 Modeo'wka,
1411 1689 1539 1760 nrorrt
1555 1689 1606 1770 (¹).

562 1896 764 1981 Noverint
792 1895 972 1980 universi
1002 1901 1267 2005 praesentem
1297 1893 1482 1977 Literam
1504 1895 1753 2004 inspecturi,
1774 1890 1901 1994 Qu'od
1920 1895 2009 1980 Nos
2029 1891 2114 1980 ‹Io--

462 2043 590 2099 annes
626 2015 779 2098 Diuina
813 2015 1078 2098 miseratione
1114 2011 1262 2096 Abbas
1297 2013 1542 2124 Monastery
1578 2013 1773 2124 Tyniscii
1805 2011 1901 2128 (sic)
1940 2007 2122 2097 Ordinis

311 2137 315 2144 ’
459 2135 549 2220 Soti
570 2133 792 2216 Benedicti
814 2133 865 2215 de
888 2161 1097 2216 consensu
1117 2131 1311 2215 Fratrum
1348 2133 1531 2216 omnium
1550 2135 1684 2218 nostri
1705 2131 1971 2237 Conventus,
2007 2143 2109 2216 con·

458 2254 643 2336 siderate
663 2252 847 2337 fidelima
867 2251 1170 2362 approbatione
1192 2249 1391 2335 Jasconis
1414 2251 1516 2334 dicti
1539 2247 1695 2350 Chrest,
1728 2251 1843 2363 quod
1864 2252 1996 2360 ipsius
2015 2251 2107 2334 Pri·

456 2373 662 2486 vilegium
682 2371 918 2482 perignem
939 2383 1004 2453 est
1024 2369 1290 2457 combustum
1326 2397 1451 2480 super
1489 2369 1738 2455 Scultstiam
1772 2375 1940 2453 ‘nostrae
1981 2369 2107 2454 vilse

460 2491 599 2574 dictae
642 2487 895 2574 Modorowlcc
917 2487 1013 2602 (sic)
1034 2515 1234 2601 praesens
1264 2489 1532 2601 Privilegium
1562 2518 1762 2574 renovare
1782 2485 1957 2574 fecimus
1979 2498 2023 2571 ct
2039 2517 2104 2572 re·
2139 2553 2141 2560 ,
2201 2581 2208 2604 Ι

458 2635 663 2694 novamus
694 2608 774 2692 sibi
794 2636 920 2718 super
956 2609 1134 2706 eandem
1171 2607 1425 2693 Scultecism
1463 2611 1607 2694 denuo·
1636 2607 1910 2719 Privilegium
1946 2607 2110 2711 dantes,

459 2729 728 2814 concedimus
766 2727 900 2811 eidem
935 2739 1076 2814 nostro
1114 2727 1304 2814 Sculteto
1327 2739 1370 2812 et
1391 2728 1537 2810 damus
1574 2737 1777 2840 perpetue
1808 2726 2111 2835 possidendam.

458 2849 632 2956 suisque
665 2847 862 2959 legitimis
899 2850 1077 2956 posteris
1114 2843 1218 2930 Jure
1252 2847 1611 2958 Maydeburgensi
1628 2845 2106 2931 haereditatemlocsn·

459 2967 575 3069 dam,
597 2991 707 3072 quae
728 2976 870 3050 temen
889 2967 1126 3050 haereditas
1148 2967 1324 3050 habebit
1344 2993 1532 3072 mansos,
1570 2979 1752 3074 quantos
1772 2963 1929 3048 habere
1952 2965 2105 3074 poterit

458 3083 565 3169 Jure
582 3083 847 3169 Theutonico
868 3093 1112 3169 mensuetus
1131 3088 1177 3168 in
1196 3086 1416 3196 praedicte
1437 3086 1696 3170 haereditate
1718 3111 1824 3193 quas
1840 3084 1991 3168 limites
2005 3109 2108 3192 pro-.

457 3231 557 3315 prys
578 3203 795 3288 vocabulis
818 3202 1010 3286 duximus
1033 3206 1338 3315 designandam
1360 3203 1469 3318 (sic).
1501 3206 1639 3290 Primo
1663 3235 1689 3288 a
1712 3201 1870 3288 otieris
1889 3229 2026 3311 usque
2047 3201 2103 3286 sd

460 3350 657 3431 campum
679 3322 836 3406 dictum
856 3320 1139 3434 Srzodopolnu,
1173 3354 1200 3405 a
1221 3319 1502 3438 Srzodopolncl
1519 3353 1654 3436 usque
1675 3324 1732 3407 ad
1752 3323 1925 3406 fluvium
1946 3323 2110 3406 dictum·

350 3523 354 3532 *
466 3439 634 3542 stnu,
671 3437 874 3524 astnc
904 3467 1041 3552 usque
1062 3442 1117 3524 nd
1137 3445 1308 3528 fluvium
1332 3442 1490 3525 dictum
1513 3441 1775 3560 Sloczuwnia,
1813 3437 2105 3526 aSloczuwmb

448 3590 598 3670 ‘usque
635 3561 857 3644 tremulum
894 3557 990 3672 (sic)
1027 3560 1184 3644 dietum
1221 3557 1354 3672 Osmy,
1390 3560 1444 3644 ab
1483 3562 1600 3672 Osmy
1635 3589 1771 3673 usque
1808 3560 1863 3644 cd
1892 3557 2104 3658 Quorsum

460 3682 616 3764 dictum
647 3679 889 3790 Trzesnr'owy
925 3679 1042 3780 pr,
1081 3711 1287 3792 cquercu
1318 3706 1456 3790 usque
1477 3680 1532 3764 sd
1552 3709 1752 3792 magnum
1788 3678 1931 3778 Potor,
1965 3707 2103 3760 emc-

460 3824 544 3910 gno
586 3795 708 3880 Potor
748 3825 883 3908 usquc
921 3799 975 3882 ud
1009 3800 1183 3896 fluvium
1225 3803 1383 3883 dictum
1421 3795 1636 3882 Plrsznica.
1684 3799 1944 3910 Damusquc
1991 3797 2103 3888 dicto

459 3926 602 4000 nostro
639 3913 827 4000 Sculteto
870 3927 1141 4030 quantosque
1158 3946 1328 4004 mensos
1358 3916 1495 4004 facere
1517 3921 1671 4028 poterit
1687 3920 1731 4000 in
1752 3917 1977 4026 praedietis
1996 3913 2105 4000 limi-

457 4035 577 4120 tibus
610 4034 648 4114 ci
683 4043 825 4118 tamen
872 4039 975 4120 duos
1010 4065 1179 4122 mansos
1209 4039 1362 4122 liberos
1398 4049 1441 4121 et
1481 4038 1567 4120 suis
1605 4038 1783 4148 posteris
1817 4036 1873 4120 ab
1910 4033 2105 4125 omnibus

460 4151 749 4238 exactionibus
781 4162 844 4238 et.
873 4153 1174 4256 solutionibus,
1222 4157 1443 4238 Decimam
1493 4185 1612 4240 susm
1660 4155 1872 4243 Scultetus
1904 4155 1975 4241 ,de
2015 4150 2106 4243 suis

459 4273 614 4358 mensis
653 4269 817 4354 duobus
854 4270 973 4356 dabit
1007 4273 1075 4356 cui
1110 4273 1190 4356 sibi
1229 4273 1425 4393 placebit.
1475 4275 1724 4388 Damusque
1756 4271 2100 4358 eidonseulteto
2213 4323 2216 4338 ·

459 4393 674 4503 proedicto
697 4389 998 4495 Molendinunr,
1034 4391 1272 4495 Piscinam·
1285 4397 1755 4507 quamasque·piscinas
1776 4391 1914 4476 secere
1936 4391 2104 4502 poterit,

459 4512 587 4598 libere
608 4509 738 4598 facist
759 4511 921 4625 absque
944 4511 1094 4600 damno
1125 4512 1380 4624 chtouum
1393 4515 1687 4619 -etnostrcpin
1704 4514 1927 4626 praedicta
1956 4511 2103 4594 heere-

462 4631 592 4714 ditatc
613 4631 877 4735 Temnum,
896 4630 1123 4716 Macellum
1145 4634 1349 4736 carnium,
1369 4632 1558 4718 Mensam
1577 4633 1717 4744 punis,
1741 4627 2104 4720 Sutorumifubrilr

551 4863 608 4948 ‚(¹)
628 4863 854 4952 Apogrsphon
873 4867 1126 4972 cbeplrowscio
1143 4865 1311 4944 habuimus
1327 4865 1536 4954 descriptum·
1553 4917 1570 4948 2.
1601 4913 1615 4940 ,κ
1688 4911 1719 4958 ι,
1740 4915 1778 4948 :n
1857 4931 1860 4939 .
1880 4939 1883 4947 .
1913 4893 1929 4941 ,ὁ
1965 4910 1969 4951 :
