4952 5926
1146 739 1368 813 ...g-

425 943 510 1025 ium
550 941 593 1020 in
615 940 826 1051 plerisque
847 937 1086 1023 hominibus
1106 940 1283 1046 pristino
1306 939 1553 1023 devocionis
1583 937 1746 1022 fervore
1789 937 1959 1049 sibique
1991 963 2083 1022 mo-

426 1059 698 1168 nasterioque
718 1083 806 1140 -suo
837 1055 1182 1140 Andrzeowiensi
1210 1057 1255 1136 in
1284 1056 1486 1173 predictis
1519 1057 1646 1140 bonis
1671 1063 1713 1137 et
1735 1057 1909 1138 decimis
1946 1083 2083 1165 nego·

427 1175 539 1256 cium
575 1171 869 1256 facesseretnr.
899 1173 1156 1281 preinsertes
1194 1173 1337 1256 literas
1373 1174 1565 1283 innoverj
1595 1172 1788 1254 fecimus,
1824 1201 1983 1282 easque
2011 1201 2086 1254 eu·

427 1293 621 1374 ctoritate
668 1301 813 1374 nostra
859 1289 1000 1400 Regia
1031 1287 1374 1398 approbavimus.
1405 1290 1724 1374 ratificavimus.
1745 1300 1789 1370 et
1817 1290 2086 1373 confirmavi·
2197 1371 2206 1390 ,

426 1435 533 1490 mus.
557 1411 932 1516 approbemusque
962 1405 1239 1488 ratificamus.
1253 1404 1604 1490 etconfirmcmus
1635 1417 1784 1491 tenore
1813 1408 2087 1516 presencium

426 1525 641 1606 mediante
664 1525 941 1606 decernentes
965 1524 1106 1606 omnia
1126 1533 1171 1604 et
1191 1521 1359 1633 singule
1388 1524 1433 1603 in
1464 1525 1524 1605 eis
1547 1533 1749 1608 contente
1778 1524 1909 1629 robur
1945 1523 2088 1606 debite

426 1641 636 1724 firmitatis
656 1641 856 1724 habiture
877 1667 984 1722 esse.
1005 1667 1082 1749 per
1108 1639 1653 1750 prefatumquehbbctem
1684 1651 1728 1722 et
1759 1669 1858 1726 suos
1890 1649 2085 1749 posteros
2141 1629 2147 1644 “

317 1760 323 1770 ’
404 1757 622 1868 ιΑὶ)ὶ)ειωε
644 1787 696 1840 ec
717 1757 1019 1868 Monesterium
1041 1765 1084 1839 et
1105 1757 1376 1842 Conventum
1396 1755 2086 1867 Andrzeoviensemsuprescriptc

427 1875 545 1959 bona
567 1886 610 1958 et
630 1875 834 1956 decimas·
851 1876 894 1955 in
915 1899 1094 1984 querum
1114 1901 1195 1956 usu
1217 1874 1574 1986 possessioncque
1595 1875 1779 1984 pacifice
1798 1885 1843 1956 et
1864 1877 2087 1960 continue·

427 2003 473 2074 tc
493 1993 716 2101 hucusque
746 1991 928 2074 fuerunt.
950 2017 1137 2074 necnon
1160 1993 1293 2073 eciam
1307 1990 1424 2075 bonu
1446 1992 1517 2075 ille
1537 2003 1581 2074 ct
1602 1993 1788 2074 decimes
1819 2021 1904 2102 que
1935 2003 2088 2100 posteo

429 2113 519 2192 sive
542 2111 791 2194 donacione.
814 2110 904 2190 sive
934 2110 1265 2215 permutacione.
1306 2117 1380 2192 eut
1411 2137 1683 2220 quocumque
1716 2110 1797 2193 clio
1827 2107 2087 2194 Monesterio

428 2225 771 2310 Andrneowiensi
793 2225 1059 2308 obvenerunt
1078 2236 1123 2308 et
1141 2253 1255 2308 nunc
1286 2227 1330 2306 in
1352 2227 1620 2335 possessione
1641 2227 1748 2308 illius
1772 2228 1967 2310 existunt.
1980 2253 2089 2338 quo·

426 2373 519 2426 rum
541 2355 584 2426 et
605 2367 784 2454 quarum
804 2345 976 2426 nominc
995 2353 1040 2424 et
1061 2343 1318 2454 cognomina
1348 2343 1496 2428 heberi
1515 2344 1584 2424 hic
1604 2344 1797 2428 volumus
1818 2371 1896 2451 pro
1918 2371 2089 2452 expres·

428 2463 485 2542 sis
507 2460 695 2542 tenenda
716 2458 918 2542 habenda
948 2459 1216 2572 pacificeque
1249 2471 1292 2542 et
1312 2463 1455 2572 quiete
1475 2471 1682 2570 perpetuo
1715 2461 1986 2570 possidenda.
2038 2461 2089 2544 In

429 2578 549 2658 cuius
568 2577 634 2658 rei
649 2575 937 2660 testimonium
948 2577 1132 2687 sigillum
1151 2587 1341 2672 nostrum
1353 2578 1620 2687 presentibus
1633 2587 1698 2660 est
1718 2607 1966 2687 appensum.
1997 2577 2090 2660 'Da-

428 2703 519 2774 tum
542 2693 750 2778 Orecovie
780 2691 963 2778 sabbato
984 2704 1082 2777 ente
1104 2695 1261 2778 festum
1292 2697 1556 2780 sanctissime
1587 2695 1823 2800 Trinitatis.¹
1853 2697 1979 2780 Anno
2014 2696 2090 2778 do·
2218 2801 2223 2810 ι

427 2811 528 2912 mini
563 2809 783 2894 Millesimo
814 2811 1156 2922 quingentesimo
1186 2813 1404 2923 trigesimo
1441 2813 1572 2896 tercio
1606 2811 1742 2922 (1533)
1786 2813 1928 2923 Regni
1957 2813 2089 2898 nostri

431 2954 542 3010 anno
563 2927 775 3037 vigesimo
796 2929 990 3038 septimo.
1021 2927 1294 3014 Presentibus
1317 2928 1471 3042 quibus
1493 2957 1634 3039 supra.

1198 3460 1202 3468 .
1229 3349 1303 3462 Vt

613 3581 684 3660 ln
710 3578 993 3684 colloquio
1018 3581 1315 3674 Merionen,
1343 3581 1498 3666 circo
1522 3584 1735 3666 Annum
1754 3579 1898 3667 lm

322 3843 325 3849 ,
433 3775 712 3848 casimirus
734 3779 798 3850 tux
813 3781 930 3852 terren
950 3781 1070 3872 Zagrou
1086 3783 1234 3872 turpbrli
1264 3785 1294 3854 t.
1314 3781 1441 3882 termis
1461 3781 1730 3884 hiersolymitui
1745 3797 1771 3853 -e
1785 3783 1880 3854 tetre
1898 3783 2094 3858 renuendos

666 3905 670 3910 ·
835 3863 992 3941 maun,
1010 3866 1081 3957 jun
1095 3869 1242 3956 perpetu
1256 3865 1621 3955 monumentor
1636 3872 1688 3951 (1).

535 4047 585 4130 In
606 4049 773 4132 nomine
795 4049 933 4134 Patris
956 4062 999 4134 et
1016 4026 1156 4160 filij‘et
1176 4051 1355 4160 Spiritus
1387 4054 1523 4138 sancti
1552 4056 1702 4141 Amen.
1735 4057 1836 4168 Ego
1858 4056 2093 4140 Kesimirus

335 4221 340 4230 ·
431 4167 533 4255 Dux
553 4173 701 4250 notum
730 4166 841 4250 facio
876 4169 1081 4253 universis
1116 4167 1272 4253 Christi
1302 4169 1499 4254 fidelibus
1529 4174 1824 4281 praesentibus
1859 4184 1904 4258 et
1932 4173 2094 4260 futuris

409 4483 414 4490 .
535 4400 578 4478 (¹)
600 4399 676 4463 Duo
693 4395 789 4484 hujus
804 4397 934 4464 tabulae
951 4399 1100 4487 exempla
1123 4401 1157 4466 in
1178 4411 1295 4468 nostre
1316 4423 1413 4466 manu
1441 4401 1628 4472 hebuimusr
1652 4407 1766 4472 archet
1815 4429 1861 4470 cn
1888 4403 2093 4470 membrane-

433 4501 527 4547 ceum
541 4503 581 4546 ex
595 4481 795 4547 bibliothece
822 4481 1075 4550 Nieboroviensi
1090 4495 1123 4550 et
1137 4483 1354 4572 apographon
1377 4487 1466 4570 quod
1482 4488 1595 4554 elibrc
1616 4491 1744 4560 CLXX
1777 4489 1792 4554 l
1811 4539 1820 4572 ‚
1840 4487 1897 4554 sol.
1913 4489 2092 4570 tot-307,

432 4564 662 4664 Varseviensis
676 4565 845 4664 Tabulerii
858 4568 983 4666 publici
997 4569 1103 4718 Repni
1118 4569 1290 4653 Polcuiae,
1312 4567 1367 4633 vul
1394 4592 1413 4635 o
1431 4571 1568 4660 Metrpkc
1579 4575 1731 4641 Koronnc
1757 4573 1849 4642 dicti.
1879 4571 2093 4640 doctissimus

432 4657 528 4714 antee
542 4645 677 4715 Cod1crs
692 4659 799 4716 nostri
815 4650 924 4716 editor
938 4664 972 4718 et
985 4677 1047 4740 pro
1064 4675 1158 4720 esscr
1172 4653 1341 4720 Antonius
1403 4655 1592 4720 nczlrowski
1617 4657 1804 4743 descripsit.
1837 4657 2014 4722 Venientes
2043 4655 2091 4720 le·

431 4732 561 4797 ctiones
585 4731 766 4798 invenimus
793 4731 908 4802 nullas.
931 4737 1160 4804 Mnczkowslri
1184 4738 1219 4803 in
1245 4738 1438 4826 apographo
1456 4731 1537 4825 lefgit
1570 4737 1684 4807 Ulazoc
1702 4743 1751 4824 (in
1764 4741 1956 4826 parenthesi
1975 4737 2092 4804 scribit

438 4816 642 4882 Ulozonoum
658 4817 753 4900 signo
769 4818 1090 4910 interrogationis?)‚
1114 4821 1345 4907 inarchetypo
1361 4833 1468 4888 entem
1491 4822 1590 4888 nobis
1610 4825 1730 4903 Wozoo,
1747 4847 1821 4892 esse
1853 4824 1992 4890 videtur.
2024 4823 2093 4889 Te·
