4890 5924
1133 693 1578 765 «418⁴.

317 861 343 868 ..
439 875 685 1005 praesertim
706 896 762 972 ad
781 895 1027 982 instantiam
1047 918 1227 1026 precum
1243 886 1509 973 Venerabilis
1532 896 1575 969 et
1596 885 1804 1023 Religiosi
1825 887 1913 972 Viri
1933 890 2104 976 Domini
2198 869 2206 890 ’

199 1049 205 1056 -
277 1080 287 1090 .
343 1063 381 1104 ,ι
438 1013 597 1096 Fratris
617 1001 792 1092 Henrici
811 1005 868 1120 (ᾗ)
905 1007 988 1089 Dei
1021 1007 1225 1114 patientia
1265 1006 1448 1088 Abbatis
1471 1001 1640 1090 Monast
1623 1005 1700 1088 teri
1695 1005 2003 1114 jTynecensis
2025 1006 2105 1094 Or

437 1131 544 1210 dinis
588 1125 632 1210 S.
654 1123 877 1207 Benedicti
917 1124 1089 1209 Domini
1130 1123 1417 1230 Temporalis
1430 1151 1483 1205 ec
1520 1033 1714 1208 ProvidiJ
1731 1121 1820 1205 Viri
1859 1125 2106 1224 Friczkoeis

366 1341 370 1352 Ι
412 1333 417 1356 ¹
435 1246 558 1341 Saul
542 1246 617 1326 teti
637 1244 953 1351 praedictarum
973 1241 1310 1347 villarum,super
1331 1239 1540 1329 solutionew
1560 1241 1751 1322 decimae
1767 1240 2029 1351 Campestris
2052 1245 2104 1328 de

436 1363 614 1445 araturis
632 1359 860 1444 eorundem
881 1359 1155 1458 Cmetonum,
1172 1356 1297 1438 talem
1315 1359 1585 1442 concordiam
1601 1357 1783 1441 fecimus·
1797 1369 1840 1440 et
1851 1363 2104 1471 perpetuam

435 1483 654 1580 unionem,
674 1477 873 1558 videlicet
895 1477 1010 1584 quod
1032 1477 1113 1582 ipsi
1135 1475 1365 1584 Cmetones
1388 1500 1464 1555 seu
1487 1474 1637 1559 Coloni
1660 1475 1712 1555 de
1735 1478 1926 1583 quolibet
1955 1473 2104 1564 manso

330 1621 332 1630 ’
436 1595 614 1793 singulis
636 1594 755 1676 annis
777 1620 942 1700 semper
963 1594 1006 1678 in
1025 1591 1156 1675 Festo
1178 1589 1302 1673 Beati
1322 1591 1493 1674 Martini
1512 1590 1636 1686 nobis
1658 1592 2102 1702 nostrisquessucces·
2189 1674 2191 1678 ,

433 1715 516 1796 sori
548 1738 598 1794 us
619 1711 782 1793 ratione
805 1710 994 1792 decimae
1016 1709 1263 1818 praedictae
1283 1736 1360 1816 per
1380 1717 1477 1792 octo
1501 1708 1652 1793 Scotos
1674 1735 1921 1818 grossorum
1931 1709 2102 1794 Bo'emi·

434 1829 606 1933 callum,
629 1854 757 1909 unam
777 1851 1016 1909 mensuram
1037 1827 1165 1908 tritici
1187 1835 1230 1906 et
1250 1853 1377 1906 unam
1399 1853 1640 1909 mensuram
1663 1825 1870 1936 Siliginis,
1913 1827 2103 1935 qualibet

434 1947 657 2031 occasione
692 1969 769 2052 pos
773 1947 904 2050 ttposi
906 1975 950 2046 a,
988 1945 1088 2026 dare
1122 1953 1164 2025 et
1147 1942 1347 2028 tsolvere
1380 1953 1606 2079 perpetuo·
1622 1943 1891 2027 tenebuntur.
1942 1945 2101 2030 Nuntio

288 2067 292 2076 “
433 2090 532 2146 vero
554 2089 630 2146 nos
633 2069 717 2162 tro,
739 2073 868 2196 quem
889 2060 946 2142 ad
968 2059 1249 2170 colligendam
1272 2059 1431 2142 dictam
1451 2061 1699 2200 pecuniam·
1703 2060 1948 2145 duxerimus
1971 2062 2100 2145 desti-

432 2179 638 2280 nandum,
660 2185 767 2258 mett
770 2177 872 2259 ertio
891 2176 1028 2289 (sic)t
1030 2203 1222 2314 empore,
1240 2203 1330 2313 quo
1349 2179 1540 2282 candem
1546 2180 1771 2285 pecuniam
1791 2179 1941 2290 exigit,
1959 2179 2013 2260 de
2029 2209 2100 2264 ex·

320 2335 322 2339 ·
431 2298 571 2405 pensis
592 2320 845 2405 necessarys
862 2321 936 2402 pro
954 2297 1145 2402 personis
1168 2303 1212 2375 et
1233 2293 1355 2404 equis
1372 2321 1516 2379 eorum
1539 2294 1825 2404 providebunt
1835 2297 2099 2405 ,praedictas

352 2497 362 2516 ,
432 2424 576 2495 autem
595 2437 814 2494 mensuras
839 2413 1063 2495 curribus
1052 2436 1239 2521 ipsorum
1259 2412 1302 2491 in
1323 2411 1475 2524 Lypow
1508 2412 1614 2496 Cast
1597 2419 1709 2500 trum
1740 2422 1929 2496 nostrum
1962 2414 2098 2500 dedu-

420 2519 545 2613 cant.
609 2525 790 2628 Quod·
757 2557 792 2612 ει
812 2527 893 2729 iptffl
881 2519 982 2612 vel
1002 2531 1154 2637 aliquis
1188 2556 1332 2634 eorum
1361 2531 1567 2639 pecunias
1596 2527 1760 2616 solvere
1793 2539 1865 2612 aut
1885 2529 2097 2617 frumenta

428 2649 472 2731 in
492 2647 645 2758 Lyporo
666 2656 939 2756 praesentare
961 2647 1265 2756 quoquomodo
1302 2647 1567 2758 neglexerint
1601 2645 1711 2730 infra
1742 2659 1917 2734 octavas
1951 2649 2096 2736 Sancti

428 2766 600 2868 Martini
618 2765 846 2874 praedict,
815 2795 828 2845 1
866 2774 1019 2848 extunc
1040 2762 1220 2874 praefati
1241 2762 1403 2848 Coloni
1408 2790 1493 2850 non
1505 2763 1679 2850 solvent
1661 2773 1726 2848 tes
1737 2765 1856 2850 infra
1878 2765 1980 2854 ahos
1992 2765 2097 2854 VIII

279 2983 284 2994 μ
431 2883 541 2984 dies,
561 2910 637 2990 per
659 2825 875 2966 dimidiam
895 2910 1083 2966 marcam
1106 2883 1297 2964 eiusdem
1326 2883 1574 2992 pagamenti
1596 2891 1639 2966 ct
1659 2895 1803 2973 monet
1805 2915 1854 2970 ae
1786 2871 1998 2968 tnobis
2019 2914 2096 2974 no·
2120 2991 2123 2999 Ι

427 3001 610 3108 atrisque
648 2997 975 3086 Successoribus
1012 2999 1176 3084 solvere
1212 2998 1507 3108 debebunt,e
1507 3002 1611 3086 tad
1638 3002 1686 3084 id
1710 3031 1792 3141 per
1828 2999 2093 3090 Sententiam
2221 3054 2244 3064 ··

393 3207 395 3212 y
428 3117 938 3229 excommunicationiset
920 3129 1033 3226 tper
1052 3119 1190 3255 ipsum
1228 3061 1467 3203 Sculteturb
1498 3127 1541 3204 et
1569 3147 1647 3230 per
1678 3123 1773 3206 eius
1811 3119 2092 3208 Successores

429 3233 743 3370 compellentur.
796 3233 865 3317 Ad
887 3260 1000 3343 quae
1023 3237 1165 3320 omnia
1194 3241 1451 3322 memoratus
1484 3235 1707 3328 Scultetus.
1724 3235 1823 3322 cum
1843 3265 1918 3324 sex
1940 3235 2093 3326 Scabi-

357 3348 363 3356 ’
424 3352 491 3438 nis
511 3351 602 3436 Mat
584 3352 711 3454 tthia,
746 3352 953 3456 Hemico,
992 3353 1201 3463 Tyeznar,
1236 3353 1479 3492 Heynkone
1511 3355 1609 3468 (sio)
1648 3353 1819 3444 Sartore
1856 3355 2095 3468 Rudolpho,

425 3469 506 3554 Pet
489 3479 553 3556 tro
576 3479 622 3554 et
643 3469 812 3556 Thoma
832 3497 908 3579 pro
930 3499 977 3556 se
1000 3482 1044 3558 et
1062 3473 1150 3556 suis
1170 3473 1320 3556 vicinis
1341 3474 1549 3577 universis
1562 3475 1885 3584 praedictarum
1905 3473 2095 3562 villarum

425 3573 595 3674 Colonis
617 3599 745 3698 spent
747 3617 770 3670 θ
795 3595 838 3672 et
819 3587 986 3674 tlibere
1006 3616 1053 3672 se
1074 3589 1362 3675 submiserunt
1344 3599 1426 3673 tet
1446 3593 1733 3679 astrinxerunt
1746 3593 1965 3704 perpetuis
1986 3602 2093 3678 tem-

422 3703 596 3816 poribus
631 3706 804 3791 firmiter
839 3708 1122 3820 adimplenda.
1174 3706 1330 3793 Volent
1312 3719 1376 3794 tes
1411 3710 1583 3820 insuper
1604 3737 1700 3798 omn
1721 3711 1887 3816 Scultet
1870 3718 1914 3793 to
1936 3709 2090 3795 eteius

422 3823 604 3932 posteris
626 3826 807 3932 gratiam
828 3823 971 3910 facere
991 3827 1240 3938 specialem,
1260 3827 1486 3912 meritiset
1504 3827 1703 3938 precibus
1736 3828 1825 3910 cius
1845 3803 2094 3936 propulsati,
2218 3855 2223 3868 ·

388 3971 391 3977 ·
423 3950 471 4024 ut
490 3940 728 4024 videlicet
718 3971 760 4026 1n
783 3947 1002 4030 exactione
1043 3945 1292 4052 praedictae
1326 3947 1536 4054 pecuniae
1573 3944 1789 4034 decimalis
1828 3942 2091 4056 diligentiam

422 4059 707 4169 operosiorem
728 4060 873 4143 valeat
893 4062 1115 4166 adhibere,
1148 4063 1253 4146 duos
1283 4089 1456 4148 mansos
1486 4059 1617 4174 ipsius
1640 4061 1846 4174 speciales
1869 4061 1926 4144 de'
1944 4070 2092 4151 nostra

422 4203 539 4262 mera
558 4175 785 4262 liberalitat
767 4186 809 4262 te
830 4207 857 4260 a
878 4179 1084 4266 solutione
1106 4188 1195 4264 tam
1215 4183 1425 4318 pecuniae
1447 4209 1577 4292 quam
1592 4179 1790 4266 frumenti
1808 4179 1966 4266 liberos
1987 4177 2092 4266 faci·
2177 4265 2181 4274 ,

421 4321 514 4380 mus
535 4297 704 4406 penitus
726 4311 770 4380 et
789 4308 1022 4407 exemptos.
1084 4295 1136 4384 In
1158 4301 1277 4382 ouius
1307 4327 1369 4382 rer
1357 4300 1648 4406 evidentiam
1682 4297 1982 4411 praesentibus
2016 4323 2091 4382 no·

422 4424 551 4498 smum
574 4415 705 4500 nostri
738 4445 793 4500 ue
816 4415 1003 4526 Capituli
1023 4415 1173 4528 Sigilla
1192 4425 1294 4500 sunt
1314 4445 1517 4526 appensa.
1564 4417 1725 4526 Actum
1747 4429 1789 4502 et
1807 4417 1970 4512 Datum
1994 4409 2091 4498 Cra
2182 4421 2203 4486 ·,
2283 4435 2287 4442 ·

422 4555 552 4612 concae
567 4532 636 4614 IV
654 4445 865 4688 Κθ1θ1111κ
857 4534 1065 4644 ·January
1101 4533 1225 4619 Anno
1247 4531 1419 4620 Domini
1440 4535 1496 4620 M.
1521 4535 1610 4624 CC
1633 4507 1789 4622 XLVI
1851 4531 2091 4624 Praesenti·
2231 4509 2236 4514 ¹

377 4825 380 4829 ·
524 4787 567 4867 (²)
590 4787 642 4852 De
656 4784 807 4866 Hearico
821 4791 941 4860 eodem
955 4789 1049 4880 legas
1064 4791 1208 4858 tabulam
1228 4752 1452 4900 praemissam.
1549 4793 1552 4800 '
1597 4803 1600 4812 '
