4930 5922
1081 747 1130 765 -
1174 709 1255 783 rar
1309 745 1358 764 --

381 903 427 974 ad
441 912 586 970 montem
594 903 661 973 Zaa
674 923 780 984 usque
793 901 839 968 ad
852 911 996 971 montem
1012 904 1101 991 Vpe‘lz
1122 901 1288 985 vulgariter
1313 903 1515 970 nominatum
1529 923 1593 987 que
1609 901 1691 970 silve
1703 906 1885 976 existentes
1901 931 1942 976 ex
1956 919 2047 978 utra·

405 1011 445 1054 ue
460 997 554 1074 parte
571 984 860 1072 flovijSearuae(*)
876 1010 950 1054 cum
969 988 1120 1054 omnibus
1136 987 1333 1054 utilitatibus
1352 986 1525 1071 mellificijs
1535 1007 1600 1054 seu
1615 991 1833 1072 proventibus
1848 993 1997 1079 ipsarum
2013 1004 2046 1062 et
2084 1005 2088 1013 ”

380 1010 472 1157 lluvij
492 1071 672 1169 supradictj
689 1071 760 1134 iure
774 1069 975 1137 hereditario
991 1073 1158 1156 pertinent
1172 1073 1215 1136 ad
1233 1069 1427 1136 Michaelem
1450 1071 1655 1136 unazdonem
1674 1083 1707 1138 et
1723 1073 1909 1142 elaeonem?
1926 1080 2048 1144 Prote·

382 1167 505 1224 stamur
534 1175 680 1240 insuper,
710 1154 802 1237 quod
817 1154 901 1222 silva
913 1155 1010 1241 nigra
1024 1155 1179 1222 Michaeli
1193 1164 1225 1220 et
1240 1155 1347 1220 unasd
1363 1155 1419 1218 oni
1433 1156 1512 1236 (sic)
1527 1155 1629 1220 cessit
1642 1155 1677 1219 in
1692 1156 1856 1224 divisione
1871 1161 1960 1226 facta
1974 1185 2048 1228 cum

381 1239 541 1304 fratribus
560 1238 740 1304 eorundem
756 1237 797 1301 ad
813 1259 908 1320 quam
924 1239 1031 1304 nullus
1046 1241 1182 1304 fratrum
1197 1239 1346 1323 ipsorum
1359 1237 1460 1304 habet
1477 1240 1695 1322 respectum.'’

487 1321 645 1388 Tabulam
672 1321 931 1388 confirmationis
962 1321 1114 1390 Oasimiri
1129 1345 1196 1386 non
1212 1323 1316 1388 edidit
1331 1323 1557 1388 Muczkowski
1574 1322 1681 1388 Tomo
1697 1323 1723 1405 1,
1747 1346 1932 1410 quanquam
1946 1327 2046 1394 edere
2107 1343 2112 1351 “

379 1407 468 1474 illam
484 1407 650 1490 pollicitus
669 1414 721 1472 cst
736 1405 826 1483 (vide
842 1406 1087 1472 annotationem
1102 1407 1238 1489 primaru
1253 1405 1418 1491 privilegii
1441 1408 1492 1472 N⁰.
1506 1407 1588 1472 LIX
1603 1429 1679 1492 pag.
1696 1411 1769 1491 104,
1790 1409 1888 1475 Tomi
1902 1409 2025 1494 primi).
2054 1461 2065 1482 .

381 1535 383 1540 ,
455 1534 459 1550 .
486 1491 709 1576 Transumpta
723 1489 884 1556 Vladislai
897 1489 1081 1575 Jagcllcnis
1104 1499 1138 1554 et
1159 1495 1250 1575 regis
1267 1489 1420 1558 Casimiri
1434 1490 1543 1578 magni
1559 1501 1739 1573 sequuntur
1754 1517 1795 1558 ex
1810 1494 2050 1560 Muczlrowscii
2119 1499 2123 1510 '

384 1574 641 1724 apogrppgpph
655 1657 786 1722 nomine
802 1657 926 1726 domini
939 1679 1044 1722 amen.
1067 1657 1126 1724 Ad
1139 1665 1332 1741 perpetuam
1346 1657 1396 1724 rei
1409 1657 1599 1722 memoriam
1617 1658 1665 1722 Ne
1682 1681 1777 1722 error
1793 1660 1971 1728 oblivionis
1986 1684 2047 1748 ge·

382 1741 445 1807 stis
461 1741 522 1806 sub
538 1751 687 1826 tempore
703 1741 912 1807 versantibus
927 1741 1143 1824 imposterum
1183 1742 1267 1806 ariat
1289 1741 1485 1806 detrimenta
1500 1741 1565 1805 alta
1579 1764 1694 1826 regum
1710 1751 1743 1808 et
1757 1745 1944 1828 principum
1959 1744 2047 1812 Con·

383 1823 456 1889 silia
472 1825 690 1889 decreverunt
705 1847 744 1889 ea
755 1824 923 1889 literarum
938 1847 957 1888 a
981 1825 1087 1890 icibus
1102 1832 1136 1889 et
1152 1763 1303 1890 lentium
1332 1825 1550 1910 annotacione
1580 1823 1778 1908 perhennari
1794 1852 1834 1893 ne
1848 1829 1942 1912 lapsu
1964 1838 2048 1893 tem-

380 1908 475 1993 poris
492 1917 699 1974 evanescant.
722 1908 867 1972 Proinde
884 1929 946 1972 nos
958 1847 1163 1976 lVladislaus
1179 1908 1233 1973 dei
1248 1909 1361 1994 gracia
1373 1909 1443 1972 Rex
1455 1907 1604 1972 Polonie.
1629 1930 1690 1972 nec
1707 1933 1775 1974 non
1789 1921 1952 1976 terrarum
1965 1912 2047 1980 Cra-

250 2025 262 2038 ·
362 1991 489 2056 'cowie
507 1991 745 2076 Sandomyrye.
786 1991 925 2077 Syradie
941 1991 1092 2055 Lancitie
1109 1989 1277 2077 Cuijawye
1293 1991 1476 2056 Lithwanie
1492 1992 1649 2089 princeps
1666 2014 1837 2076 supremus
1858 1997 2049 2078 pomeranie

274 2675 277 2684 ·
382 2661 470 2725 t'alis.

381 2075 566 2158 Russieque
582 2075 733 2140 dominus
749 2083 783 2140 et
796 2075 894 2140 heres
910 2083 974 2139 etc.
998 2073 1228 2160 Significamus
1243 2084 1360 2140 tenore
1376 2097 1583 2160 presencium
1600 2074 1718 2156 quibus
1735 2078 1871 2160 expedit
1884 2080 2048 2145 univorsis

296 2241 298 2245 Ι
380 2161 591 2243 presentibus
609 2167 643 2224 et
657 2158 776 2223 futuris
826 2157 1010 2222 resenoium
1035 2159 1191 2222 noticiam
1214 2155 1387 2241 habituris,
1408 2159 1575 2244 quomodo
1591 2158 1626 2220 in
1641 2168 1755 2223 nostre
1770 2160 1954 2226 Maiestatis
1992 2185 2047 2226 re-

382 2243 495 2308 senoia
524 2243 705 2312 Constituti
731 2181 852 2306 nobilis
879 2241 1030 2326 Philipus
1050 2239 1190 2306 liadwan
1205 2242 1246 2306 de
1261 2244 1443 2329 Buzeazyny
1457 2251 1490 2306 et
1506 2241 1700 2308 Confratres
1718 2243 1768 2306 sui
1784 2243 1952 2329 Radwany
1967 2185 2048 2309 dicti

381 2325 494 2391 fideles
510 2329 616 2392 nostri
631 2327 745 2392 dilecti
760 2325 926 2407 quoddam
954 2325 1163 2410 privilecium
1193 2319 1403 2391 Serenissimi
1418 2325 1755 2410 principisKazimiri
1770 2327 2048 2412 liegisPolouiae
2134 2407 2137 2414 k

383 2409 456 2473 dive
472 2411 628 2475 memorie
644 2408 896 2495 predecessoris
911 2410 1020 2474 nostri
1034 2432 1078 2474 uo
1103 2410 1132 2474 is
1147 2407 1337 2477 obtulerunt
1351 2409 1533 2476 instancius
1549 2407 1773 2492 supplicantes
1789 2422 1951 2493 quatenus
1963 2413 2048 2496 ipsis

381 2491 505 2556 dictum
519 2494 729 2579 privilegium
745 2493 911 2558 exinnata
935 2502 1050 2558 nostre
1076 2492 1282 2558 celsitudinis
1312 2493 1501 2575 clemencia,
1523 2493 1700 2572 retificem,
1716 2493 1902 2580 approbare
1919 2506 1952 2560 et
1967 2517 2066 2560 con·-

381 2575 509 2642 firmare
541 2577 761 2666 dignaremur.
800 2575 902 2644 Cuius
933 2576 1065 2660 quidem
1093 2577 1258 2666 privilegij
1281 2585 1379 2642 tenor
1396 2575 1438 2641 de
1454 2577 1557 2660 verbo
1574 2577 1768 2642 adverbum
1783 2578 1932 2660 sequitur
1949 2588 1982 2646 et
1998 2589 2049 2646 est

489 2745 582 2811 1356.
605 2745 644 2810 In
656 2743 758 2812 Cristi
770 2743 900 2809 nomine
913 2765 1016 2808 amen.
1031 2739 1099 2809 Nos
1113 2741 1294 2810 Kazimirus
1304 2743 1357 2809 dei
1365 2744 1478 2832 gracia
1489 2745 1560 2809 Rex
1572 2745 1722 2828 Polonie,
1734 2767 1796 2810 nec
1808 2767 1876 2810 non
1888 2753 2050 2813 terrarum

381 2827 554 2897 Cracowie
570 2829 777 2896 Sandomirie
792 2825 919 2892 Siradie
935 2827 1093 2916 Lancicie
1110 2828 1278 2913 Cuyawye
1292 2827 1564 2911 Pomeranieque.
1581 2829 1733 2896 dontinus
1751 2839 1784 2894 et
1798 2829 1906 2896 heres.
1929 2831 2050 2896 Notum

265 2913 268 2919 ’
382 2913 520 2978 facimus
546 2913 666 3011 quibus
692 2935 766 2978 esse
795 2911 894 2976 suerit
921 2921 1128 2998 oportunum
1167 2913 1265 2994 Quod
1288 2915 1489 2982 constitutus
1505 2934 1617 2978 coram
1632 2914 1728 2979 nobis
1745 2913 1851 2980 fidelis
1867 2925 1981 2980 noster
1992 2916 2050 2982 Ja-

382 2997 514 3062 nussius
530 2997 638 3063 dictus
651 2997 951 3080 Radwanczewycz
966 2987 1119 3062 heres'de
1144 2997 1250 3062 Trebel
1263 2995 1362 3065 nobis
1383 2995 1548 3062 humiliter
1577 2997 1775 3146 supplicavit
1790 3011 1826 3062 ut
1839 2999 2051 3098 privilegium

383 3102 482 3165 super
504 3081 816 3167 exempcicne'(sic)
847 3103 865 3143 a
883 3089 1050 3164 potestate
1065 3081 1159 3148 ducis
1176 3080 1529 3166 Ossvvyaneymyensis
1544 3103 1605 3166 per
1658 3082 1835 3168 agnificum
1864 3106 2049 3168 prrucrpem

382 3163 549 3230 dominum
576 3151 835 3252 Boleslaumfdei
849 3166 963 3250 gracia
978 3165 1093 3231 ducem
1125 3163 1377 3264 Craccvvyensis
1394 3163 1722 3232 et'Sandomiriensis
1752 3165 1929 3230 Terrarum
1945 3189 2049 3232 awum

381 3259 531 3314 nostrum
543 3251 676 3318 sincere
690 3250 845 3322 dilectum
861 3239 970 3314 datum
986 3257 1019 3314 et
1036 3247 1231 3316 concessum
1247 3249 1311 3314 sibi
1327 3247 1360 3312 di
1385 3271 1535 3314 naremur
1551 3249 1691 3324 sub,rati
1704 3249 1879 3316 habicione
1894 3253 2048 3336 graciose
2155 3307 2159 3314 .

382 3333 587 3478 contignare.
610 3333 713 3402 Cuius
737 3332 868 3418 quidem
882 3332 1047 3420 privilegij
1065 3335 1105 3400 de
1121 3333 1226 3399 verbo
1243 3333 1285 3398 ad
1299 3271 1436 3398 verbum
1451 3342 1549 3434 tenor
1564 3334 1751 3400 dinoscitur
1768 3357 1842 3402 esse
1857 3335 1942 3400 talis.
1965 3335 2050 3416 (Huc

378 3437 467 3506 Imm
482 3419 933 3587 llbblnqurboiliiirlsnllanussij
949 3499 1045 3565 iustis
1059 3499 1284 3584 peticionibus
1300 3499 1492 3565 satisfacere
1508 3499 1659 3566 volentes
1675 3501 1795 3566 intuitu
1810 3521 1945 3566 snorum
1963 3499 2047 3567 lide-

380 3584 459 3650 lium
484 3585 701 3652 serviciorurn
725 3585 823 3650 nobis
843 3585 1067 3682 impensorum
1083 3593 1117 3647 et
1132 3584 1214 3648 aduc
1231 3584 1310 3662 (sic)
1328 3584 1545 3666 imposterum
1559 3585 1795 3650 exibendorum
1811 3586 1891 3664 (sio)
1907 3583 1973 3649 sibi
1987 3585 2047 3652 Ja-

381 3667 495 3732 nnssio
513 3677 547 3732 et
561 3669 629 3735 suis
660 3669 930 3736 suecessoribus·
946 3667 1116 3753 legittimis
1132 3689 1170 3732 ac
1186 3666 1290 3752 ipsius
1306 3667 1562 3764 consanguineis
1579 3676 1611 3730 et
1626 3667 1824 3754 propinquis
1842 3689 1926 3768 quos
1942 3672 2049 3756 tangit

382 3757 519 3836 present
534 3756 709 3840 negocium
724 3753 910 3838 predictum
924 3751 1133 3837 privilegium
1149 3774 1225 3816 cum
1240 3749 1378 3836 singulis
1395 3772 1462 3815 suls
1477 3749 1631 3815 clarrsulis
1646 3759 1679 3815 et
1691 3751 1837 3820 articulis
1849 3775 1883 3816 ru
1895 3753 1969 3840 ipso
1981 3755 2049 3838 pri·

380 3834 502 3916 rilegio
532 3839 701 3908 contentis
729 3837 879 3922 presenti
908 3836 1095 3922 patrocinio
1126 3858 1198 3904 curn
1228 3835 1450 3920 appenssione
1473 3834 1580 3898 nostri
1594 3834 1728 3921 Regalis
1747 3837 1855 3923 Sjgilli
1868 3836 2049 3906 liberaliter

381 3921 622 3990 confirmamus·
657 3923 780 3988 Actum
810 3916 961 3990 Crocowie
975 3925 1009 3988 in
1026 3929 1143 3986 octava
1166 3921 1262 3986 Beati
1286 3919 1407 3986 'iacobi
1435 3917 1592 4004 Apostoli
1616 3920 1714 3992 Anno
1731 3921 1856 3994 domini
1870 3921 2047 3990 Millesimo

381 4005 614 4070 trecentesimo
646 4003 919 4092 quinquagesimo
951 4015 1045 4072 sexto
1075 4005 1286 4090 presentibus
1315 4003 1468 4070 Johanne
1499 4001 1689 4070 Castellano
1720 4005 1879 4070 imbramo
1900 4005 2046 4091 palatino

381 4087 683 4174 Craccnyensibus
714 4089 906 4176 Vylczlrone
937 4090 1199 4162 Sandomiriensi
1226 4089 1384 4154 dobeslao
1407 4087 1600 4154 Visliciensi
1629 4087 1783 4155 dobanne
1805 4082 2048 4174 Voynycyensi

380 4172 551 4241 Zawiscba
562 4173 768 4242 Sandecensi
784 4173 982 4242 castellanis
1008 4175 1146 4242 Andre'a
1163 4172 1401 4260 Cracowyensi
1415 4181 1449 4238 et
1463 4170 1624 4258 Raphaele
1639 4173 1901 4246 Sandomiriensi
1917 4173 2046 4240 Subca·

381 4255 530 4340 merarijs
546 4265 580 4334 et
594 4257 667 4324 ali's
685 4259 834 4346 plurimis
851 4255 914 4322 fide
931 4259 1050 4348 dignis.
1779 4337 1783 4345 Ι

337 4333 342 4358 “
443 4355 446 4362 ’
488 4339 582 4406 1428.
619 4281 688 4409 llos
710 4345 821 4426 itaque
843 4343 1065 4427 peticionibus
1087 4343 1249 4408 dictorum
1270 4339 1435 4408 Nobilium
1460 4353 1615 4424 tanquam
1630 4339 1726 4404 iustis
1742 4349 1776 4404 et
1790 4337 2068 4406 racionabilibus-

380 4423 568 4512 benigniter
585 4428 740 4497 acclinati
769 4428 1043 4516 exigentibusque
1068 4428 1179 4514 dignis
1206 4431 1355 4511 ipsorum
1379 4424 1522 4492 fidelium
1547 4424 1672 4520 meritis
1694 4423 1818 4489 dictum
1838 4423 2047 4510 privilegium

482 4679 516 4742 (⁸)
534 4680 607 4730 Loca
625 4682 677 4731 buo
696 4689 840 4732 memorata
858 4664 1014 4732 eront'oltrn
1032 4683 1084 4731 sita
1096 4683 1131 4732 ad
1142 4681 1338 4746 ripastlumtnts
1359 4679 1465 4732 Sceuae
1476 4689 1509 4744 et,
1523 4683 1564 4732 nti
1578 4681 1745 4748 privilegium
1761 4679 1942 4734 bocnostrnm
1961 4681 2047 4742 docet,

379 4759 461 4808 usquo
477 4748 512 4798 ad
523 4756 606 4798 netas
618 4749 770 4814 Hungariae
779 4751 1010 4815 protendebantur.
1033 4748 1129 4805 Stoma
1140 4753 1211 4810 verb,
1229 4751 1266 4800 uti
1276 4751 1331 4813 jam
1344 4756 1422 4801 antea
1433 4751 1561 4812 mximas,
1573 4749 1667 4800 fluvius
1678 4756 1719 4800 est
1729 4761 1825 4814 pervus
1836 4748 1915 4798 bodie
1927 4749 1955 4798 in
1964 4763 2047 4812 regno

379 4813 609 4938 (inallieipppnppjlpp¹
618 4817 678 4868 lons
690 4819 718 4868 in
730 4819 863 4869 montibus
876 4817 1034 4882 Carpaticin
1043 4832 1125 4884 propa
1136 4815 1402 4884 villamspptkowice.
1769 4825 1771 4832 “
1900 4895 1938 4961 16
2012 4863 2015 4871 ,
