4930 5922
1031 721 1389 829 --.ro‘-'
1509 728 1517 738 '

218 1028 224 1040 .
376 955 533 1044 lirerint
551 957 596 1038 in
610 951 819 1064 judieinm
840 952 1019 1053 evoeati,
1054 975 1329 1064 nequaquam
1364 961 1588 1042 teneantur
1606 959 1652 1042 in
1667 957 1844 1048 ,taneio
1866 985 2044 1070 compar

375 1103 469 1164 rere
490 1071 941 1182 adpraeseriptionam
979 1079 1022 1152 et
1050 1069 1144 1180 sare
1180 1069 1430 1182 alloquendum
1466 1073 1577 1188 (sio),
1616 1077 1674 1160 ad
1702 1076 1786 1164 hoa
1807 1081 1844 1188 si
1865 1077 1921 1162 ob
1943 1081 2044 1185 hoo,

339 1210 492 1310 ‘quse
531 1189 843 1300 suprasoriptas
881 1215 933 1269 ex
963 1189 1154 1272 actiones
1196 1189 1400 1272 antedicti
1439 1192 1704 1278 habitatores
1744 1190 1935 1280 villarum
1955 1225 2041 1284 non
2132 1269 2134 1272 .

238 1311 242 1322 ’
376 1312 579 1400 soluerint
595 1308 666 1391 vel
684 1305 794 1390 «lina
834 1306 949 1386 eirea
983 1305 1061 1388 has
1092 1331 1185 1392 non
1203 1305 1478 1413 reddiderint,
1511 1322 1586 1396 aut
1605 1311 1781 1398 Civitati
1798 1316 1844 1396 in
1865 1310 2040 1405 Judieio
2224 1403 2227 1410 ,

281 1499 290 1505 .
375 1459 461 1520 non
481 1427 703 1525 astiterint,
739 1423 947 1508 voluerint
975 1425 1090 1531 ipsos
1113 1422 1382 1508 Castellanus
1401 1430 1470 1512 vel
1489 1431 1703 1537 palatinus
1744 1419 1953 1540 saepefati
1972 1435 2042 1516 vel
2150 1483 2153 1490 ·

326 1569 331 1574 ·
375 1551 444 1661 nlij
464 1545 646 1632 dudioes
664 1541 792 1626 rebus
813 1539 1024 1651 aliquibus
1045 1541 1240 1650 spoliare,
1260 1545 1347 1626 vim
1367 1547 1411 1628 vi
1430 1547 1676 1655 repellendi
1695 1548 1885 1636 habeant
1917 1560 2040 1658 pote-

374 1678 568 1753 statem·
586 1663 817 1748 Caeterum
836 1659 871 1740 si
892 1657 1051 1767 majore
1071 1661 1114 1742 vi
1134 1657 1291 1742 firerint
1331 1663 1518 1770 spoliati,
1540 1664 1792 1776 spoliatores
1829 1695 1975 1752 eorum
1995 1679 2041 1752 et

375 1809 555 1900 quorum
596 1789 725 1862 antea
763 1775 919 1860 firerint
941 1777 1139 1885 spoliati,
1160 1785 1386 1862 teneantur
1407 1784 1565 1866 eisdem
1587 1781 1924 1870 habitationibus
1944 1785 2038 1893 ipso
2083 1881 2087 1892 ,

368 1909 466 2018 jure
486 1900 633 1988 ablata
650 1898 883 1996 restituere,
905 1922 958 1975 ao
978 1897 1340 1980 omneintereasa.
1374 1899 1434 1982 Ut
1449 1911 1593 1984 autem
1607 1929 1810 2010 praesens
1832 1905 2037 2014 seriptum

372 2022 502 2108 robur
535 2015 694 2128 publioi
730 2013 923 2100 obtineat
950 2013 1229 2115 instrumenti,
1250 2015 1377 2124 sigilli
1396 2018 1529 2102 nostri
1546 2020 1777 2102 munimine
1796 2022 1937 2133 ipsum
1959 2022 2038 2104 du-

288 2139 295 2146 ’
372 2142 510 2224 ximus
528 2133 829 2219 roborandum.
862 2129 1017 2214 Testes
1037 2159 1139 2215 vero
1160 2130 1285 2240 hujus
1305 2134 1367 2217 rei
1387 2134 1445 2244 hij
1467 2145 1578 2239 sunt,
1593 2133 1737 2220 Adam
1758 2136 2039 2240 Castellanus,
2204 2175 2213 2184 ·
2332 2157 2342 2177 ¹

335 2319 339 2326 -
371 2255 573 2342 Nioolaus
593 2249 841 2360 supradieti,
861 2247 1080 2358 Sbigneus
1100 2250 1331 2355 Palatinus,
1371 2251 1908 2363 Boguslaus··Castellanns
1930 2253 2039 2341 San·

264 2391 271 2400 '
374 2373 648 2474 domitiensis,
669 2368 865 2465 Voislaus
885 2365 1156 2452 Castellanus
1178 2367 1231 2450 de
1252 2365 1520 2480 Malogosoz,
1534 2368 1756 2457 Subisluus
1769 2371 2037 2456 Castellanus
2092 2458 2095 2464 Δ

283 2481 287 2486 ’
373 2495 428 2576 de
448 2487 702 2590 Zawiehost,
725 2485 919 2569 dominus
939 2483 1186 2592 Lyessotha
1204 2485 1478 2597 Praepositus
1501 2486 1814 2576 Searmiriensis
1834 2487 1963 2574 frater
1985 2488 2039 2571 de

372 2611 517 2695 ordino
536 2609 757 2710 minorum,
780 2601 1008 2686 Janussins
1031 2603 1227 2688 ducissae
1251 2603 1533 2709 Camerarius,
1554 2607 1707 2690 Petrus
1728 2606 1944 2690 Tribunus
1966 2604 2039 2688 Vi·
2116 2619 2121 2627 '

371 2726 595 2828 ahoiensis,
608 2722 874 2808 Varaoslaus.
897 2719 1281 2826 Subsanoellarlus,
1300 2723 1546 2808 Nodeneius
1587 2725 1800 2824 sacerdos,
1833 2723 1864 2808 J
1866 2723 2040 2830 aoobus,

370 2839 732 2929 ‹loannes-Clerici
753 2849 796 2922 et
816 2837 1037 2949 Capellani
1057 2841 1190 2926 nostri
1211 2849 1255 2922 et
1275 2841 1344 2950 alij
1365 2841 1520 2950 plures.
1541 2841 1704 2926 Datum
1723 2843 1768 2926 in
1780 2841 1969 2933 Obroaoro
1982 2837 2039 2954 (⁹)

370 2974 579 3072 tempore·
599 2959 814 3071 ⁰⁰ss⁰qull
854 2957 979 3042 ΑΒΜ
1024 2986 1051 3040 ⁹¹
1071 2959 1295 3042 ”alilllflle
1316 2961 1487 3063 d⁰ml1¹b
1506 2959 1729 3070 millesimo
1748 2960 2039 3072 ducentesimo
2146 3037 2150 3042 ,
2210 2925 2214 2930 ⁵
2285 2985 2292 2994 ·
2448 2921 2460 2970 '⁵

369 3080 726 3220 quinquagesimo
748 3084 867 3160 sexto
888 3075 1107 3162 Indioione
1129 3077 1479 3189 quintadecima,
1500 3079 1636 3188 pridie
1650 3105 1785 3164 nonas
1802 3075 2038 3184 Februarij.

471 3279 516 3363 (²)
540 3277 683 3374 Obqazow
697 3274 876 3361 parochiae
893 3298 971 3342 suae
988 3285 1098 3362 eaput,
1110 3273 1189 3378 uilla
1201 3273 1302 3342 hodie
1319 3275 1598 3348 Sandomiriensis
1613 3277 1761 3366 regionis
1778 3285 1812 3343 et
1824 3273 1995 3344 territorii.

853 3714 854 3720 ψ
1052 3560 1299 3738 ωιιι,

736 3825 744 3840 »
844 3783 1209 3888 floream-
1221 3797 1373 3868 anna
1398 3783 1563 3871 1256.

365 3955 646 4049 Beleslaus'
660 3967 792 4044 luders
805 3967 980 4046 ‘transire
995 3972 1029 4042 rt
1044 3967 1251 4042 tmdoniriu
1263 3969 1340 4057 nur,
1358 3985 1419 4042 mr
1437 3985 1506 4042 orn
1520 3969 1621 4041 nstro
1642 3963 1825 4042 hlnbhu
1839 3907 1945 4041 annu
1957 3966 2034 4040 trs·

280 4099 288 4112 ·
364 4071 706 4164 redutulltsms,
721 4068 949 4162 deroderent
965 4065 1177 4142 lmnmitrter
1190 4069 1377 4144 manubrio
1407 4065 1680 4160 Zeiazyaiasasi
1709 4067 2036 4161 optumarum

869 4185 1046 4257 aarum,
1063 4170 1288 4262 hpnpetmn
1301 4171 1462 4245 aalma
1473 4174 1535 4255 ·(¹).

469 4347 522 4430 ln
538 4348 712 4432 nornine
733 4344 891 4434 domini
912 4371 1048 4431 amen.
1087 4340 1301 4446 Quoniam
1322 4344 1414 4428 dies
1435 4324 1653 4430 hominum
1673 4351 1897 4430 transeunt
1917 4341 2035 4428 velut

363 4463 527 4570 umbra,
546 4477 593 4550 et
611 4491 831 4577 nunquam
871 4469 988 4544 statu
1020 4472 1274 4574 permanant
1293 4463 1337 4546 in
1360 4463 1524 4566 eodem,
1561 4464 1676 4544 unde
1698 4485 1875 4544 neeesse
1897 4470 1963 4546 est
1982 4489 2035 4546 ea

466 4699 509 4780 (ι)
531 4697 745 4780 „proemium
758 4695 856 4783 hujus
873 4695 1039 4785 primasi
1052 4695 1130 4762 vire
1145 4698 1180 4762 a
1194 4693 1372 4794 privilegio
1388 4691 1466 4758 ann
1482 4691 1566 4756 nse
1582 4711 1622 4754 σι
1639 4657 1857 4792 aasabim
1872 4693 2034 4760 Marisa

363 4781 477 4847 mol.
494 4783 614 4849 arose
638 4803 712 4848 rom
752 4781 803 4848 o.”
839 4781 927 4850 Nota
941 4782 1082 4848 Antonii
1106 4781 1359 4862 Muezlrowaen,
1389 4799 1473 4860 quae
1503 4783 1615 4840 oertos
1630 4797 1694 4845 nos
1709 4776 1799 4860 saort,
1816 4779 2034 4865 apographon

362 4863 427 4932 hoe
445 4890 486 4951 er
504 4803 694 4934 Tabelllsrio
712 4790 850 4933 lbblieo
867 4867 975 4955 Regni
990 4865 1150 4932 Poloniae
1167 4865 1370 4948 descriptum
1386 4883 1471 4927 esse.
1613 4894 1616 4900 ·
