4952 5926
428 1201 1564 1391 mmmm-Medmmfflffss’mgam
1585 1201 1825 1312 viratu&
1845 1165 2097 1298 Mance,

425 1491 701 1568 Baioulous
723 1489 856 1568 arua
882 1487 1047 1564 Gaudet
1075 1490 1109 1562 o
1130 1487 1337 1564 susanne
1360 1487 1425 1560 du
1440 1489 1547 1562 atila·
1569 1489 1805 1578 Kramones
1821 1487 1895 1584 lm
1914 1487 2097 1568 mo·

823 1574 988 1668 nujus
1001 1575 1035 1648 ct
1050 1588 1072 1645 a
1085 1573 1180 1648 redu
1195 1575 1329 1666 manu
1344 1574 1508 1650 mnan
1522 1571 1625 1646 ratu
1640 1575 1693 1658 (¹)-
1862 1594 1870 1608 ·

529 1747 581 1831 In
602 1749 772 1832 nomine
798 1753 946 1830 sancte
968 1755 1012 1827 et
1030 1745 1245 1827 indiuidue
1281 1745 1494 1828 trinitatis.
1528 1741 1681 1832 Amen.
1728 1744 1940 1849 Quoniam
1970 1745 2090 1855 long-i

423 1874 586 1948 tractus
607 1873 844 1974 temporum
863 1863 1036 1972 pariunt
1048 1862 1354 1972 ,antiquitatem
1375 1864 1608 1974 antiquitas
1633 1859 1897 1951 'obliuionem
1932 1863 2093 1948 obliuio

424 2009 526 2065 vero
556 2009 696 2065 rerum
732 1991 923 2064 actarum
955 1980 1281 2065 exinanitionem
1317 1981 1751 2090 Elaproptcrnecesse
1772 1995 1839 2068 est
1857 1993 1994 2068 utres
2016 1982 2084 2063 di-

426 2125 513 2210 gna
534 2100 736 2182 memorie
766 2101 923 2224 scripto
946 2097 1103 2180 debeat
1137 2098 1425 2180 commendari
1460 2125 1548 2210 quo
1580 2125 1816 2184 canescens
1853 2083 2091 2210 antiquitas

424 2215 611 2316 crebrius
632 2217 775 2298 valeat
792 2215 1000 2297 renouari.
1047 2215 1137 2298 Nos
1171 2241 1344 2325 quoque
1368 2216 1453 2297 dux
1473 2215 1707 2301 Bolezlaws
1729 2215 1797 2299 dei
1818 2218 1960 2330 gratia
1980 2214 2093 2299 Ora-

424 2333 546 2417 couie
567 2343 610 2415 et
630 2331 898 2428 Zandomirie
921 2357 1018 2411 cum
1040 2331 1193 2413 dilecta
1212 2343 1349 2414 matre
1368 2341 1513 2416 nostra
1533 2331 1798 2419 Grimialaua
1813 2347 1967 2419 notum
1978 2330 2091 2414 leci-

329 2485 336 2498 ·
422 2475 517 2532 mus
540 2450 735 2534 omnibus
756 2457 844 2530 tam
865 2448 1133 2556 presentibus
1154 2475 1284 2558 quam
1315 2449 1466 2534 futuris
1487 2477 1667 2559 presens
1700 2451 1909 2561 scriptum
1941 2453 2091 2558 inspe-

423 2568 553 2649 eturis
575 2567 692 2677 quod
713 2567 946 2649 animarum
968 2575 1132 2648 mature
1152 2565 1276 2648 saluti
1308 2577 1546 2650 nostrarum
1576 2570 1850 2678 prouidentes
1884 2579 1927 2652 et
1957 2568 2089 2652 totius

423 2691 566 2767 nostre
601 2685 862 2791 posteritatis
899 2685 1173 2767 concedimus
1211 2685 1381 2769 domino
1420 2683 1598 2793 Symoni
1632 2690 1852 2797 preposito
1871 2687 1929 2769 de
1953 2682 2092 2768 Cata-

325 2893 328 2898 ,
383 2805 390 2820 '
424 2801 535 2882 nouiz
556 2798 611 2913 (²)
642 2804 1041 2910 premonstratensis
1075 2799 1230 2884 ordinis
1269 2813 1311 2884 et
1345 2803 1433 2885 suis
1471 2803 1666 2887 omnibus
1702 2802 2020 2889 suecessoribus
2045 2811 2092 2886 et

424 2918 675 3002 dominabus
696 2918 854 3002 ibidem
876 2919 1133 3030 degentibus
1158 2927 1202 2999 et
1221 2918 1390 3004 domino
1427 2919 1733 3005 famulantibus
1767 2925 1909 3008 locare
1938 2919 2086 3002 uillam

422 3029 631 3118 forensem
650 3039 739 3118 iure
760 3037 1038 3123 theuthonico
1058 3045 1108 3118 ut
1122 3036 1203 3118 sub
1224 3065 1275 3121 eo
1295 3039 1489 3146 hospites
1507 3036 1666 3121 ibidem
1686 3049 1906 3122 manentes
1926 3063 2091 3146 regan-

422 3159 492 3233 tur
509 3153 598 3235 iure
618 3158 719 3239 noui
740 3152 819 3238 fori
839 3156 1019 3239 diocesis
1055 3153 1420 3241 Wratizlauiensis
1451 3166 1497 3239 et
1515 3155 1694 3240 facimus
1728 3157 1906 3241 liberam
1940 3155 2086 3238 villam

420 3269 629 3380 prefatam
665 3273 722 3355 ab
753 3273 947 3358 omnibus
986 3273 1279 3357 exactionibus
1313 3273 1560 3358 uideliceta
1579 3285 1710 3358 etrusc
1728 3301 1754 3356 a
1775 3299 1913 3387 pouoz.
1933 3301 1962 3354 a
1982 3283 2088 3355 alan.

423 3415 450 3470 a
465 3387 654 3498 poduodj.
686 3388 906 3500 apocolooe
918 3402 1113 3502 aturpove
1131 3399 1173 3473 et
1192 3392 1441 3502 ubieunque
1453 3421 1532 3502 por
1543 3391 1637 3476 fora
1650 3403 1793 3477 nostre
1809 3403 1922 3488 terre
1934 3388 2091 3473 transi·

421 3505 562 3590 uerint
580 3533 665 3616 non
687 3507 855 3593 soluant
873 3509 1082 3592 thelonea.
1101 3535 1186 3594 non
1201 3518 1425 3592 teneantur
1447 3512 1503 3592 ad
1518 3509 1830 3616 edificationem
1846 3511 1986 3593 casui.
2001 3533 2090 3596 non

424 3622 482 3703 ad
514 3625 807 3734 expeditiones
848 3653 934 3712 non
974 3625 1031 3710 ad
1068 3625 1125 3740 (³)
1145 3687 1253 3712 .....
1290 3655 1375 3714 non
1410 3629 1621 3738 recipiant
1656 3631 1967 3716 eaniductores.
2000 3649 2089 3708 non

421 3733 686 3825 falconarios.
716 3771 802 3829 nou
824 3744 987 3856 aliquos
1008 3746 1217 3830 adolentes
1240 3755 1473 3829 exactores.
1504 3746 1618 3828 Nulli
1636 3757 1831 3852 preterea
1859 3748 2090 3826 teneantur

421 3859 692 3964 respondere.
713 3888 794 3942 nec
813 3861 981 3942 inuitati
1002 3888 1261 3969 comparere.
1283 3865 1365 3947 nisi
1388 3887 1529 3943 coram
1551 3887 1629 3944 suo
1649 3860 2092 3971 preposit0.·iudicare

424 3999 565 4056 coram
587 3975 679 4081 ipso
701 3977 881 4060 sculteto
903 4004 980 4059 suo
1000 3980 1104 4062 iure.
1124 3980 1213 4060 siue
1229 3982 1273 4062 in
1288 3981 1468 4089 magnis.
1486 3979 1576 4060 siue
1591 3979 1634 4057 in
1649 3980 1792 4087 paruis
1814 3977 1969 4060 causis.
1989 3975 2087 4056 siue

421 4089 622 4173 uidelicet
642 4093 698 4174 ad
717 4093 1066 4201 suspendendum
1087 4095 1179 4178 sine
1202 4097 1494 4182 decolandum.
1516 4097 1607 4177 siue
1626 4095 1864 4178 rotandum.
1906 4092 1964 4177 Et
1982 4117 2085 4200 pre·

420 4231 519 4290 sena
540 4211 745 4322 scriptum
764 4219 814 4295 ut
833 4210 961 4296 robur
981 4209 1193 4295 firmitatis
1214 4214 1406 4298 obtineat
1426 4211 1550 4322 sigilli
1572 4215 1706 4294 nostri
1726 4213 1968 4326 curardmus
1988 4236 2088 4294 mu·

370 4387 376 4398 ’
523 4391 565 4469 (¹)
586 4391 638 4456 Ex
653 4391 767 4457 archet
815 4390 885 4457 oin
899 4389 1060 4456 tabulario
1077 4392 1155 4458 clim
1171 4393 1332 4460 ecclesiae
1347 4391 1580 4462 cisterciensis
1596 4393 1723 4458 ordinis
1736 4391 1943 4460 Vitoriensis
1969 4409 2086 4455 asser-

419 4477 507 4535 vato.
528 4471 749 4562 Archetypon
786 4499 826 4543 oc
845 4477 1097 4542 communicavit
1112 4475 1285 4543 nobiscum
1304 4499 1388 4542 unus
1404 4475 1661 4542 adolescentium
1675 4501 1708 4542 m
1752 4499 1813 4542 nae
1829 4475 1912 4559 spei,
1930 4473 1987 4559 qni
2008 4471 2085 4538 illu·

422 4553 567 4621 strandis
581 4558 681 4624 rebus
696 4562 801 4647 gestis
819 4561 945 4646 patriae
972 4559 1117 4626 sedulam
1134 4579 1268 4644 operam
1285 4561 1352 4642 dat,
1375 4559 1563 4628 Vladisleus
1580 4561 1737 4627 Wieczor
1762 4557 1890 4642 owski„

447 4721 454 4736 ,
505 4639 567 4736 ,(’)
588 4643 834 4730 Krzytancwice,
854 4643 932 4709 villa
956 4643 1155 4730 parochialis
1167 4644 1210 4708 ad
1219 4643 1335 4710 Nidam
1349 4640 1484 4710 fluvium
1498 4645 1572 4730 sita,
1595 4645 1828 4714 Stobnicensis
1855 4642 2014 4711 territorii
2028 4661 2085 4707 ra·

420 4742 738 4892 glonllllwllerbunr
749 4811 840 4896 quod
852 4811 944 4880 nullo
957 4810 1059 4878 modo
1072 4807 1247 4898 perlegere
1262 4831 1455 4898 possumus.
