4822 5924
1023 671 1305 762 ..m-

329 893 604 1004 Capellanum
644 889 907 991 saecularem
929 887 997 974 vel
1018 887 1280 1000 regularem,
1313 888 1392 1000 qui
1418 888 1540 972 'omni
1578 889 1646 972 die
1677 889 1795 1000 legat
1823 893 1998 973 missam

328 1013 626 1098 defunctorum
645 1007 702 1090 ad
724 1015 887 1090 eertum
925 1008 1058 1092 altare
1095 1006 1245 1090 diebus
1282 1005 1525 1092 solennibus
1563 1007 1773 1090 duntaxat
1793 1011 1997 1118 exeeptis.

328 1133 386 1216 Et
407 1132 519 1213 eirea
539 1127 621 1210 hoe
643 1125 709 1233 bis
731 1125 775 1206 in
792 1123 1046 1235 -Septimana
1067 1125 1280 1236 qualibet,
1314 1127 1444 1210 etiam
1471 1125 1687 1234 perpetuis
1718 1126 1998 1236 temporibus,

328 1247 526 1333 videlieet
546 1243 695 1328 Tertia
717 1252 760 1326 et
783 1241 914 1330 Sexta
935 1244 1079 1348 Feria,
1117 1242 1306 1354 Vigiliae
1337 1243 1504 1328 Novem
1524 1243 1799 1348 Lectionum,
1822 1255 1866 1327 et
1886 1244 1997 1326 duae

327 1367 482 1450 missae
513 1362 752 1474 specialiter
790 1360 1085 1446 defunotorum
1107 1389 1214 1445 voee
1237 1363 1480 1446 decantent.
1533 1362 1762 1446 Praeterea
1783 1363 1837 1445 de
1858 1363 2000 1474 gratia
2104 1421 2110 1430 -

297 1589 303 1600 ¹
327 1493 474 1570 ababa
496 1481 672 1597 speciali
692 1479 857 1564 Abbati
878 1490 923 1564 et
943 1479 1183 1567 Conventui
1212 1480 1466 1588 Monastery¹
1493 1479 1749 1589 Tynoiensis
1779 1505 1999 1590 saepeme-
2066 1534 2070 1548 ι

326 1603 499 1688 moratis
521 1599 791 1708 saepedictas
813 1597 1075 1682 Advocatias
1107 1599 1341 1703 vendendi,
1362 1599 1549 1683 donandi
1569 1607 1613 1678 et
1633 1599 1926 1704 commutandi
1944 1625 1998 1680 ae

325 1751 402 1833 pro
422 1750 502 1804 sua
524 1721 678 1828 suique
697 1716 942 1827 Monastery
961 1718 1145 1802 utilitate
1162 1727 1205 1800 et
1220 1718 1507 1803 melioratione
1529 1716 1850 1827 quomodolibet
1866 1716 1998 1801 libere

176 1887 179 1893 ,
327 1835 812 1944 convertendi,'plenam
832 1843 876 1920 et
897 1836 1181 1920 omnimodam
1218 1835 1368 1918 damus
1407 1841 1681 1946 potestatem.
1733 1836 1785 1919 In
1816 1860 1996 1947 quorum

207 1968 209 1972 ’
328 1959 515 2042 omnium
545 1954 833 2058 testimenium
853 1964 897 2036 et
917 1954 1174 2037 evidentiam
1194 1963 1430 2066 perpetuae
1449 1953 1660 2038 firmitatis
1680 1977 1884 2065 praesens
1905 1953 1998 2038 Prie-

251 2057 275 2096 *
326 2076 531 2185 vilegium
551 2079 723 2156 nostrae
743 2071 983 2158 donationis
1016 2071 1177 2155 Abbati
1200 2081 1243 2156 et
1265 2072 1505 2158 Conventui
1538 2071 1735 2156 Fratrum
1756 2073 1858 2156 dieti
1877 2071 1998 2182 Tyn·

327 2194 480 2278 eiensie
502 2189 748 2298 Monastery
770 2189 860 2272 dari
879 2190 1056 2273 fecimus
1088 2190 1331 2301 Sigillorum
1367 2201 1605 2275 nostrorum
1625 2189 1856 2301 Regelium
1875 2201 1997 2299 parte

329 2339 381 2398 ex
398 2319 578 2421 utraque
600 2335 895 2418 expressorum
926 2307 1269 2420 subappensione
1301 2312 1618 2394 oommmritum.
1670 2305 1995 2394 ActumCraco-
2150 2401 2156 2414 ι

325 2429 411 2514 viae
430 2430 475 2510 in
496 2436 650 2512 octava
671 2426 937 2535 Epiphaniae
957 2425 1140 2530 Domini,
1160 2428 1243 2512 sub
1265 2455 1376 2512 anno
1398 2429 1587 2511 eiusdem
1604 2428 1661 2515 M.
1672 2426 1799 2516 000.
1810 2423 1904 2511 LK
1914 2425 1994 2510 III.

326 2545 630 2641 Praesentibus
651 2545 716 2628 his
737 2545 917 2630 testibus
940 2543 1108 2628 Joanne
1141 2544 1388 2631 Castellano
1420 2545 1695 2632 Oraooviensi
1718 2545 1786 2660 (⁸),
1827 2545 1996 2634 loanne

327 2666 505 2748 Deeano
528 2675 571 2746 et
593 2661 865 2748 Oanoellario
901 2663 1196 2774 Oracoviensi,
1231 2664 1465 2750 Predborio
1502 2665 1741 2776 Capitoneo
1778 2664 1996 2764 Ouiaviae,
2065 2681 2070 2690 ’

326 2783 522 2868 Bodzeta
555 2782 836 2892 Procuratore
872 2779 1089 2887 (imerali,
1118 2781 1349 2868 Predborio
1372 2784 1424 2866 de
1446 2783 1593 2868 Brzeze
1613 2793 1657 2864 et
1677 2783 1851 2888 Andrea
1881 2784 1996 2866 dieto

329 2901 506 3009 Myazka,
530 2929 584 2984 aa
604 2901 696 3010 alys
718 2928 849 3011 quam
869 2899 1059 3010 pluribus
1079 2901 1167 2983 fide
1187 2901 1340 3012 dignis
1373 2901 1534 2985 Datum
1554 2930 1802 3012 parmenus
1824 2901 1994 2984 Domini
2062 3007 2067 3014 .

327 3017 508 3104 Joarmie
551 3017 805 3125 Oanoellary
825 3020 957 3103 nostri
979 3019 1274 3104 Oreooviensis
1316 3021 1563 3130 supradicti.
1616 3017 1829 3131 Scriptum
1852 3031 1994 3102 autem
2090 3085 2097 3096 .

230 3231 237 3244 ι
325 3163 404 3247 per
423 3137 643 3339 llippllaum
662 3136 908 3274 ‘Bohemum
939 3137 1160 3224 Notarium
1192 3137 1345 3228 Ouriae
1366 3149 1538 3224 nostrae
1559 3139 1823 3226 Oenonicum
1843 3139 1994 3222 Eeole-
2060 3203 2062 3214 .

327 3283 416 3340 erae
478 3283 513 3338 rs
544 3281 738 3337 arensis..
1037 3279 1041 3288 ’

433 3547 472 3622 (5)
496 3539 540 3607 'Jo
521 3563 606 3607 oann
609 3539 825 3607 esdictuslu
826 3565 862 3607 ra
864 3539 943 3625 ‚qui
957 3552 1107 3612 mortuus
1122 3553 1173 3626 est
1187 3567 1299 3612 mense
1328 3540 1508 3610 Decembri
1525 3545 1606 3612 1363
1626 3569 1690 3611 ann
1693 3569 1724 3627 ο,
1741 3545 1798 3612 ubi
1813 3567 1875 3612 noe
1893 3531 1993 3612 docet

327 3623 624 3712 praeclarissimum
653 3649 737 3712 opus
767 3626 936 3726 „Katalog
964 3627 1084 3717 biskup
1086 3631 1138 3697 όιι
1166 3613 1443 3711 Κιαὶὸιιιὶίοὴᾞ
1473 3595 1738 3709 reverendissimi
1762 3631 1901 3698 etdooti
1903 3631 1993 3698 ssimi

189 3727 196 3738 ’
326 3713 477 3800 episcopi
466 3711 675 3800 iloppensie
690 3711 1060 3798 Ladovioihetouaaii
1063 3655 1219 3786 Uaont'l'
1232 3715 1278 3784 1v
1282 3735 1384 3808 ,.pag
1402 3715 1496 3848 113.
1589 3729 1596 3740 ·
