<?xml version="1.0" encoding="UTF-8"?>
<!DOCTYPE html PUBLIC "-//W3C//DTD XHTML 1.0 Transitional//EN"
    "http://www.w3.org/TR/xhtml1/DTD/xhtml1-transitional.dtd">
<html xmlns="http://www.w3.org/1999/xhtml" xml:lang="en" lang="en">
 <head>
  <title>
</title>
<meta http-equiv="Content-Type" content="text/html;charset=utf-8" />
  <meta name='ocr-system' content='tesseract 3.04.00' />
  <meta name='ocr-capabilities' content='ocr_page ocr_carea ocr_par ocr_line ocrx_word'/>
</head>
<body>
  <div class='ocr_page' id='page_1' title='image "./codexdiplomatic00bartgoog_0136.png"; bbox 0 0 4930 5922; ppageno 0'>
   <div class='ocr_carea' id='block_1_1' title="bbox 1028 655 1630 786">
    <p class='ocr_par' dir='ltr' id='par_1_1' title="bbox 1028 655 1630 786">
     <span class='ocr_line' id='line_1_1' title="bbox 1028 655 1630 786; baseline -0.005 1"><span class='ocrx_word' id='word_1_1' title='bbox 1028 667 1374 786; x_wconf 38' lang='lat' dir='ltr'><strong>¹-roo-</strong></span> <span class='ocrx_word' id='word_1_2' title='bbox 1469 655 1630 684; x_wconf 64' lang='lat'><strong>„.·</strong></span> 
     </span>
    </p>
   </div>
   <div class='ocr_carea' id='block_1_2' title="bbox 347 906 2143 2082">
    <p class='ocr_par' dir='ltr' id='par_1_2' title="bbox 347 906 2143 2082">
     <span class='ocr_line' id='line_1_2' title="bbox 409 906 2068 1035; baseline -0.009 -28"><span class='ocrx_word' id='word_1_3' title='bbox 409 928 518 1009; x_wconf 89' lang='lat' dir='ltr'><strong>ciam</strong></span> <span class='ocrx_word' id='word_1_4' title='bbox 539 921 743 1035; x_wconf 91' lang='lat' dir='ltr'><strong>querendi</strong></span> <span class='ocrx_word' id='word_1_5' title='bbox 762 919 977 1019; x_wconf 81' lang='lat' dir='ltr'><strong>mineram,</strong></span> <span class='ocrx_word' id='word_1_6' title='bbox 1001 924 1044 998; x_wconf 92' lang='lat' dir='ltr'><strong>et</strong></span> <span class='ocrx_word' id='word_1_7' title='bbox 1062 915 1233 998; x_wconf 86' lang='lat' dir='ltr'><strong>metalla</strong></span> <span class='ocrx_word' id='word_1_8' title='bbox 1249 914 1294 994; x_wconf 90' lang='lat' dir='ltr'><strong>in</strong></span> <span class='ocrx_word' id='word_1_9' title='bbox 1315 909 1527 997; x_wconf 87' lang='lat' dir='ltr'><strong>montanis</strong></span> <span class='ocrx_word' id='word_1_10' title='bbox 1548 910 1722 992; x_wconf 82' lang='lat' dir='ltr'><strong>inventa</strong></span> <span class='ocrx_word' id='word_1_11' title='bbox 1742 906 1900 1025; x_wconf 80' lang='lat' dir='ltr'><strong>colere,</strong></span> <span class='ocrx_word' id='word_1_12' title='bbox 1916 917 1967 990; x_wconf 88' lang='lat' dir='ltr'><strong>et</strong></span> <span class='ocrx_word' id='word_1_13' title='bbox 1980 911 2068 993; x_wconf 90' lang='lat' dir='ltr'><strong>suis</strong></span> 
     </span>
     <span class='ocr_line' id='line_1_3' title="bbox 395 1021 2067 1146; baseline -0.008 -22"><span class='ocrx_word' id='word_1_14' title='bbox 395 1041 554 1138; x_wconf 91' lang='lat' dir='ltr'><strong>usibus</strong></span> <span class='ocrx_word' id='word_1_15' title='bbox 591 1033 831 1146; x_wconf 90' lang='lat' dir='ltr'><strong>applicandj</strong></span> <span class='ocrx_word' id='word_1_16' title='bbox 863 1031 980 1118; x_wconf 84' lang='lat' dir='ltr'><strong>salvo</strong></span> <span class='ocrx_word' id='word_1_17' title='bbox 1016 1041 1160 1116; x_wconf 90' lang='lat' dir='ltr'><strong>nostro</strong></span> <span class='ocrx_word' id='word_1_18' title='bbox 1190 1031 1287 1139; x_wconf 86' lang='lat' dir='ltr'><strong>jure</strong></span> <span class='ocrx_word' id='word_1_19' title='bbox 1324 1023 1516 1110; x_wconf 81' lang='lat' dir='ltr'><strong>dedimus</strong></span> <span class='ocrx_word' id='word_1_20' title='bbox 1537 1032 1807 1134; x_wconf 89' lang='lat' dir='ltr'><strong>potestatem.</strong></span> <span class='ocrx_word' id='word_1_21' title='bbox 1860 1021 1921 1106; x_wconf 91' lang='lat' dir='ltr'><strong>Ut</strong></span> <span class='ocrx_word' id='word_1_22' title='bbox 1938 1027 2067 1136; x_wconf 86' lang='lat' dir='ltr'><strong>igitur</strong></span> 
     </span>
     <span class='ocr_line' id='line_1_4' title="bbox 404 1138 2068 1261; baseline -0.009 -21"><span class='ocrx_word' id='word_1_23' title='bbox 404 1157 532 1242; x_wconf 86' lang='lat' dir='ltr'><strong>&#39;huius</strong></span> <span class='ocrx_word' id='word_1_24' title='bbox 554 1186 582 1239; x_wconf 90' lang='lat' dir='ltr'><strong>a</strong></span> <span class='ocrx_word' id='word_1_25' title='bbox 600 1154 722 1238; x_wconf 92' lang='lat' dir='ltr'><strong>nobis</strong></span> <span class='ocrx_word' id='word_1_26' title='bbox 744 1177 952 1236; x_wconf 87' lang='lat' dir='ltr'><strong>concessa</strong></span> <span class='ocrx_word' id='word_1_27' title='bbox 970 1149 1143 1232; x_wconf 89' lang='lat' dir='ltr'><strong>libertas</strong></span> <span class='ocrx_word' id='word_1_28' title='bbox 1166 1144 1262 1261; x_wconf 82' lang='lat' dir='ltr'><strong>(sic)</strong></span> <span class='ocrx_word' id='word_1_29' title='bbox 1285 1148 1418 1228; x_wconf 88' lang='lat' dir='ltr'><strong>series</strong></span> <span class='ocrx_word' id='word_1_30' title='bbox 1442 1153 1484 1226; x_wconf 89' lang='lat' dir='ltr'><strong>et</strong></span> <span class='ocrx_word' id='word_1_31' title='bbox 1503 1144 1631 1227; x_wconf 87' lang='lat' dir='ltr'><strong>robur</strong></span> <span class='ocrx_word' id='word_1_32' title='bbox 1652 1138 1844 1225; x_wconf 87' lang='lat' dir='ltr'><strong>obtineat</strong></span> <span class='ocrx_word' id='word_1_33' title='bbox 1862 1153 2068 1252; x_wconf 87' lang='lat' dir='ltr'><strong>perpetue</strong></span> 
     </span>
     <span class='ocr_line' id='line_1_5' title="bbox 407 1260 2069 1380; baseline -0.01 -21"><span class='ocrx_word' id='word_1_34' title='bbox 407 1273 634 1376; x_wconf 88' lang='lat' dir='ltr'><strong>firmitatis,</strong></span> <span class='ocrx_word' id='word_1_35' title='bbox 670 1297 750 1352; x_wconf 89' lang='lat' dir='ltr'><strong>nec</strong></span> <span class='ocrx_word' id='word_1_36' title='bbox 771 1296 847 1378; x_wconf 89' lang='lat' dir='ltr'><strong>per</strong></span> <span class='ocrx_word' id='word_1_37' title='bbox 869 1267 1111 1380; x_wconf 80' lang='lat' dir='ltr'><strong>quempiam</strong></span> <span class='ocrx_word' id='word_1_38' title='bbox 1131 1289 1334 1374; x_wconf 90' lang='lat' dir='ltr'><strong>processu</strong></span> <span class='ocrx_word' id='word_1_39' title='bbox 1352 1264 1554 1370; x_wconf 89' lang='lat' dir='ltr'><strong>temporis</strong></span> <span class='ocrx_word' id='word_1_40' title='bbox 1573 1261 1794 1344; x_wconf 82' lang='lat' dir='ltr'><strong>retractari</strong></span> <span class='ocrx_word' id='word_1_41' title='bbox 1812 1260 1973 1364; x_wconf 84' lang='lat' dir='ltr'><strong>valcat,</strong></span> <span class='ocrx_word' id='word_1_42' title='bbox 1994 1270 2069 1343; x_wconf 88' lang='lat' dir='ltr'><strong>aut</strong></span> 
     </span>
     <span class='ocr_line' id='line_1_6' title="bbox 401 1377 2070 1500; baseline -0.01 -26"><span class='ocrx_word' id='word_1_43' title='bbox 401 1392 566 1476; x_wconf 89' lang='lat' dir='ltr'><strong>irritum</strong></span> <span class='ocrx_word' id='word_1_44' title='bbox 606 1384 926 1500; x_wconf 83' lang='lat' dir='ltr'><strong>quomodolibet</strong></span> <span class='ocrx_word' id='word_1_45' title='bbox 962 1383 1143 1492; x_wconf 83' lang='lat' dir='ltr'><strong>enitarj,¹</strong></span> <span class='ocrx_word' id='word_1_46' title='bbox 1164 1390 1383 1496; x_wconf 81' lang='lat' dir='ltr'><strong>presentes</strong></span> <span class='ocrx_word' id='word_1_47' title='bbox 1420 1379 1704 1462; x_wconf 77' lang='lat' dir='ltr'><strong>concessimus</strong></span> <span class='ocrx_word' id='word_1_48' title='bbox 1740 1377 1881 1461; x_wconf 88' lang='lat' dir='ltr'><strong>literas</strong></span> <span class='ocrx_word' id='word_1_49' title='bbox 1915 1377 2070 1488; x_wconf 82' lang='lat' dir='ltr'><strong>duplici</strong></span> 
     </span>
     <span class='ocr_line' id='line_1_7' title="bbox 407 1493 2072 1618; baseline -0.009 -26"><span class='ocrx_word' id='word_1_50' title='bbox 407 1509 539 1593; x_wconf 88' lang='lat' dir='ltr'><strong>nostri</strong></span> <span class='ocrx_word' id='word_1_51' title='bbox 558 1505 685 1618; x_wconf 77' lang='lat' dir='ltr'><strong>sigilli</strong></span> <span class='ocrx_word' id='word_1_52' title='bbox 702 1503 930 1592; x_wconf 87' lang='lat' dir='ltr'><strong>munimine</strong></span> <span class='ocrx_word' id='word_1_53' title='bbox 960 1501 1194 1586; x_wconf 84' lang='lat' dir='ltr'><strong>roboratas.</strong></span> <span class='ocrx_word' id='word_1_54' title='bbox 1255 1497 1417 1580; x_wconf 90' lang='lat' dir='ltr'><strong>Datum</strong></span> <span class='ocrx_word' id='word_1_55' title='bbox 1437 1522 1514 1604; x_wconf 89' lang='lat' dir='ltr'><strong>per</strong></span> <span class='ocrx_word' id='word_1_56' title='bbox 1533 1523 1686 1577; x_wconf 89' lang='lat' dir='ltr'><strong>manus</strong></span> <span class='ocrx_word' id='word_1_57' title='bbox 1716 1493 1909 1604; x_wconf 84' lang='lat' dir='ltr'><strong>Magistri</strong></span> <span class='ocrx_word' id='word_1_58' title='bbox 1929 1493 2072 1577; x_wconf 88' lang='lat' dir='ltr'><strong>Bene·</strong></span> 
     </span>
     <span class='ocr_line' id='line_1_8' title="bbox 409 1611 2070 1727; baseline -0.008 -19"><span class='ocrx_word' id='word_1_59' title='bbox 409 1627 520 1708; x_wconf 89' lang='lat' dir='ltr'><strong>dicti</strong></span> <span class='ocrx_word' id='word_1_60' title='bbox 543 1623 761 1709; x_wconf 75' lang='lat' dir='ltr'><strong>&#39;Ordiensis</strong></span> <span class='ocrx_word' id='word_1_61' title='bbox 799 1617 991 1702; x_wconf 81' lang='lat' dir='ltr'><strong>Ecclesia</strong></span> <span class='ocrx_word' id='word_1_62' title='bbox 1026 1615 1247 1727; x_wconf 81' lang='lat' dir='ltr'><strong>prepositi,</strong></span> <span class='ocrx_word' id='word_1_63' title='bbox 1269 1611 1377 1697; x_wconf 87' lang='lat' dir='ltr'><strong>Aule</strong></span> <span class='ocrx_word' id='word_1_64' title='bbox 1397 1623 1540 1697; x_wconf 86' lang='lat' dir='ltr'><strong>nostre</strong></span> <span class='ocrx_word' id='word_1_65' title='bbox 1563 1611 1906 1720; x_wconf 88' lang='lat' dir='ltr'><strong>Vicecancellarij</strong></span> <span class='ocrx_word' id='word_1_66' title='bbox 1930 1613 2070 1694; x_wconf 88' lang='lat' dir='ltr'><strong>dilecti</strong></span> 
     </span>
     <span class='ocr_line' id='line_1_9' title="bbox 347 1725 2143 1846; baseline -0.008 -19"><span class='ocrx_word' id='word_1_67' title='bbox 347 1805 350 1810; x_wconf 83' lang='lat'>-</span> <span class='ocrx_word' id='word_1_68' title='bbox 410 1754 453 1826; x_wconf 90' lang='lat' dir='ltr'><strong>et</strong></span> <span class='ocrx_word' id='word_1_69' title='bbox 472 1743 609 1824; x_wconf 84' lang='lat' dir='ltr'><strong>fidelis</strong></span> <span class='ocrx_word' id='word_1_70' title='bbox 630 1738 774 1822; x_wconf 88' lang='lat' dir='ltr'><strong>nostri.</strong></span> <span class='ocrx_word' id='word_1_71' title='bbox 835 1734 960 1818; x_wconf 86' lang='lat' dir='ltr'><strong>Anno</strong></span> <span class='ocrx_word' id='word_1_72' title='bbox 997 1725 1153 1821; x_wconf 89' lang='lat' dir='ltr'><strong>domini</strong></span> <span class='ocrx_word' id='word_1_73' title='bbox 1190 1732 1421 1815; x_wconf 87' lang='lat' dir='ltr'><strong>Millesim0.</strong></span> <span class='ocrx_word' id='word_1_74' title='bbox 1445 1731 1494 1816; x_wconf 83' lang='lat'><strong>0.</strong></span> <span class='ocrx_word' id='word_1_75' title='bbox 1519 1727 1908 1841; x_wconf 57' lang='lat' dir='ltr'><strong>&amp;septuagesimo</strong></span> <span class='ocrx_word' id='word_1_76' title='bbox 1935 1731 2069 1838; x_wconf 90' lang='lat' dir='ltr'><strong>primo</strong></span> <span class='ocrx_word' id='word_1_77' title='bbox 2135 1834 2143 1846; x_wconf 20' lang='grc' dir='ltr'>ἱ</span> 
     </span>
     <span class='ocr_line' id='line_1_10' title="bbox 409 1846 2070 1971; baseline -0.008 -28"><span class='ocrx_word' id='word_1_78' title='bbox 409 1853 868 1971; x_wconf 73' lang='lat' dir='ltr'><strong>Octo-(sic)&#39;kalendas&#39;</strong></span> <span class='ocrx_word' id='word_1_79' title='bbox 882 1851 1175 1962; x_wconf 81' lang='lat' dir='ltr'><strong>Septembres,</strong></span> <span class='ocrx_word' id='word_1_80' title='bbox 1204 1849 1415 1934; x_wconf 89' lang='lat' dir='ltr'><strong>indicione</strong></span> <span class='ocrx_word' id='word_1_81' title='bbox 1447 1847 1808 1970; x_wconf 74' lang='lat' dir='ltr'><strong>quartadecima,</strong></span> <span class='ocrx_word' id='word_1_82' title='bbox 1830 1846 1971 1958; x_wconf 84' lang='lat' dir='ltr'><strong>Regni</strong></span> <span class='ocrx_word' id='word_1_83' title='bbox 1992 1875 2070 1930; x_wconf 90' lang='lat' dir='ltr'><strong>au·</strong></span> 
     </span>
     <span class='ocr_line' id='line_1_11' title="bbox 407 1968 1073 2082; baseline -0.012 -23"><span class='ocrx_word' id='word_1_84' title='bbox 407 1988 496 2059; x_wconf 90' lang='lat' dir='ltr'><strong>tem</strong></span> <span class='ocrx_word' id='word_1_85' title='bbox 517 1975 653 2059; x_wconf 85' lang='lat' dir='ltr'><strong>nostri</strong></span> <span class='ocrx_word' id='word_1_86' title='bbox 671 1981 781 2058; x_wconf 86' lang='lat' dir='ltr'><strong>anno</strong></span> <span class='ocrx_word' id='word_1_87' title='bbox 801 1971 988 2056; x_wconf 85' lang='lat' dir='ltr'><strong>secundo</strong></span> <span class='ocrx_word' id='word_1_88' title='bbox 1006 1973 1023 2082; x_wconf 90' lang='lat'>(</span> <span class='ocrx_word' id='word_1_89' title='bbox 1042 1968 1073 2080; x_wconf 91' lang='lat'><strong>).</strong></span> 
     </span>
    </p>
   </div>
   <div class='ocr_carea' id='block_1_3' title="bbox 337 2201 2072 2740">
    <p class='ocr_par' dir='ltr' id='par_1_3' title="bbox 337 2201 2072 2740">
     <span class='ocr_line' id='line_1_12' title="bbox 337 2201 2072 2372; baseline -0.005 -74"><span class='ocrx_word' id='word_1_90' title='bbox 337 2273 339 2286; x_wconf 64' lang='grc' dir='ltr'>ι</span> <span class='ocrx_word' id='word_1_91' title='bbox 430 2319 437 2334; x_wconf 37' lang='grc' dir='ltr'>Ι</span> <span class='ocrx_word' id='word_1_92' title='bbox 499 2233 555 2314; x_wconf 65' lang='grc'><strong>’(3)</strong></span> <span class='ocrx_word' id='word_1_93' title='bbox 578 2201 657 2296; x_wconf 87' lang='lat' dir='ltr'><strong>Hoc</strong></span> <span class='ocrx_word' id='word_1_94' title='bbox 674 2226 883 2345; x_wconf 62' lang='lat' dir='ltr'><strong>ppivilegium</strong></span> <span class='ocrx_word' id='word_1_95' title='bbox 906 2224 1113 2324; x_wconf 80' lang='lat' dir='ltr'><strong>confirmavit</strong></span> <span class='ocrx_word' id='word_1_96' title='bbox 1128 2224 1305 2324; x_wconf 77' lang='lat' dir='ltr'><strong>capitulum</strong></span> <span class='ocrx_word' id='word_1_97' title='bbox 1322 2223 1483 2372; x_wconf 59' lang='lat' dir='ltr'><strong>ecqffisiae</strong></span> <span class='ocrx_word' id='word_1_98' title='bbox 1507 2223 1739 2308; x_wconf 86' lang='lat' dir='ltr'><strong>Scepusiensis</strong></span> <span class='ocrx_word' id='word_1_99' title='bbox 1752 2223 1871 2307; x_wconf 84' lang='lat' dir='ltr'><strong>primo,</strong></span> <span class='ocrx_word' id='word_1_100' title='bbox 1885 2223 1997 2288; x_wconf 90' lang='lat' dir='ltr'><strong>seculo</strong></span> <span class='ocrx_word' id='word_1_101' title='bbox 2013 2223 2072 2290; x_wconf 88' lang='lat' dir='ltr'><strong>de·</strong></span> 
     </span>
     <span class='ocr_line' id='line_1_13' title="bbox 408 2308 2071 2480; baseline -0.008 -15"><span class='ocrx_word' id='word_1_102' title='bbox 408 2339 494 2384; x_wconf 64' lang='lat' dir='ltr'><strong>mmo</strong></span> <span class='ocrx_word' id='word_1_103' title='bbox 510 2309 1082 2480; x_wconf 44' lang='lat' dir='ltr'><strong>qqZBto-(quglggpietqquofflgpqffip</strong></span> <span class='ocrx_word' id='word_1_104' title='bbox 1095 2319 1192 2458; x_wconf 61' lang='lat' dir='ltr'><strong>diiii</strong></span> <span class='ocrx_word' id='word_1_105' title='bbox 1194 2310 1390 2459; x_wconf 59' lang='lat' dir='ltr'><strong>tlll‹2lrlld1)⁹de</strong></span> <span class='ocrx_word' id='word_1_106' title='bbox 1407 2308 1706 2480; x_wconf 47' lang='lat' dir='ltr'><strong>immemoris</strong></span> <span class='ocrx_word' id='word_1_107' title='bbox 1722 2389 2001 2472; x_wconf 78' lang='lat' dir='ltr'><strong>commendantes,</strong></span> <span class='ocrx_word' id='word_1_108' title='bbox 2020 2401 2071 2456; x_wconf 86' lang='lat' dir='ltr'><strong>tc-</strong></span> 
     </span>
     <span class='ocr_line' id='line_1_14' title="bbox 412 2473 2072 2568; baseline -0.007 -16"><span class='ocrx_word' id='word_1_109' title='bbox 412 2509 494 2552; x_wconf 91' lang='lat' dir='ltr'><strong>nore</strong></span> <span class='ocrx_word' id='word_1_110' title='bbox 514 2480 722 2568; x_wconf 88' lang='lat' dir='ltr'><strong>presencium</strong></span> <span class='ocrx_word' id='word_1_111' title='bbox 738 2477 968 2562; x_wconf 81' lang='lat' dir='ltr'><strong>Significarnus</strong></span> <span class='ocrx_word' id='word_1_112' title='bbox 992 2475 1111 2559; x_wconf 88' lang='lat' dir='ltr'><strong>quibus</strong></span> <span class='ocrx_word' id='word_1_113' title='bbox 1127 2477 1262 2562; x_wconf 85' lang='lat' dir='ltr'><strong>expedit</strong></span> <span class='ocrx_word' id='word_1_114' title='bbox 1275 2477 1449 2555; x_wconf 86' lang='lat' dir='ltr'><strong>universis,</strong></span> <span class='ocrx_word' id='word_1_115' title='bbox 1463 2475 1561 2562; x_wconf 85' lang='lat' dir='ltr'><strong>Quod</strong></span> <span class='ocrx_word' id='word_1_116' title='bbox 1576 2473 1736 2559; x_wconf 91' lang='lat' dir='ltr'><strong>prouidus</strong></span> <span class='ocrx_word' id='word_1_117' title='bbox 1752 2477 1803 2538; x_wconf 83' lang='lat' dir='ltr'><strong>vir</strong></span> <span class='ocrx_word' id='word_1_118' title='bbox 1817 2473 1970 2542; x_wconf 88' lang='lat' dir='ltr'><strong>Nicolaus</strong></span> <span class='ocrx_word' id='word_1_119' title='bbox 1986 2474 2072 2540; x_wconf 90' lang='lat' dir='ltr'><strong>filins</strong></span> 
     </span>
     <span class='ocr_line' id='line_1_15' title="bbox 409 2558 2072 2650; baseline -0.007 -16"><span class='ocrx_word' id='word_1_120' title='bbox 409 2566 580 2650; x_wconf 88' lang='lat' dir='ltr'><strong>helbrandj</strong></span> <span class='ocrx_word' id='word_1_121' title='bbox 593 2562 709 2630; x_wconf 82' lang='lat' dir='ltr'><strong>Judcx.</strong></span> <span class='ocrx_word' id='word_1_122' title='bbox 719 2561 759 2626; x_wconf 92' lang='lat' dir='ltr'><strong>de</strong></span> <span class='ocrx_word' id='word_1_123' title='bbox 777 2559 943 2628; x_wconf 69' lang='lat' dir='ltr'><strong>suburbio</strong></span> <span class='ocrx_word' id='word_1_124' title='bbox 989 2561 1069 2625; x_wconf 90' lang='lat' dir='ltr'><strong>astri</strong></span> <span class='ocrx_word' id='word_1_125' title='bbox 1085 2561 1337 2647; x_wconf 85' lang='lat' dir='ltr'><strong>Scepussiensis</strong></span> <span class='ocrx_word' id='word_1_126' title='bbox 1352 2561 1442 2642; x_wconf 69' lang='lat' dir='ltr'><strong>(sic),</strong></span> <span class='ocrx_word' id='word_1_127' title='bbox 1455 2563 1497 2627; x_wconf 88' lang='lat' dir='ltr'><strong>ad</strong></span> <span class='ocrx_word' id='word_1_128' title='bbox 1511 2569 1659 2626; x_wconf 88' lang='lat' dir='ltr'><strong>nostram</strong></span> <span class='ocrx_word' id='word_1_129' title='bbox 1675 2558 1894 2644; x_wconf 83' lang='lat' dir='ltr'><strong>personaliter</strong></span> <span class='ocrx_word' id='word_1_130' title='bbox 1908 2559 2072 2626; x_wconf 84' lang='lat' dir='ltr'><strong>veniendo</strong></span> 
     </span>
     <span class='ocr_line' id='line_1_16' title="bbox 409 2643 2072 2740; baseline -0.006 -22"><span class='ocrx_word' id='word_1_131' title='bbox 409 2649 627 2740; x_wconf 82' lang='lat' dir='ltr'><strong>presenciam,</strong></span> <span class='ocrx_word' id='word_1_132' title='bbox 641 2645 738 2712; x_wconf 91' lang='lat' dir='ltr'><strong>nobis</strong></span> <span class='ocrx_word' id='word_1_133' title='bbox 753 2646 787 2710; x_wconf 92' lang='lat' dir='ltr'><strong>in</strong></span> <span class='ocrx_word' id='word_1_134' title='bbox 803 2667 863 2710; x_wconf 89' lang='lat' dir='ltr'><strong>sua</strong></span> <span class='ocrx_word' id='word_1_135' title='bbox 876 2666 914 2708; x_wconf 88' lang='lat' dir='ltr'><strong>ac</strong></span> <span class='ocrx_word' id='word_1_136' title='bbox 929 2644 1033 2710; x_wconf 86' lang='lat' dir='ltr'><strong>totius</strong></span> <span class='ocrx_word' id='word_1_137' title='bbox 1049 2643 1268 2712; x_wconf 80' lang='lat' dir='ltr'><strong>Comunitatis</strong></span> <span class='ocrx_word' id='word_1_138' title='bbox 1285 2645 1413 2714; x_wconf 87' lang='lat' dir='ltr'><strong>Civium</strong></span> <span class='ocrx_word' id='word_1_139' title='bbox 1429 2657 1463 2711; x_wconf 92' lang='lat' dir='ltr'><strong>et</strong></span> <span class='ocrx_word' id='word_1_140' title='bbox 1476 2645 1645 2728; x_wconf 82' lang='lat' dir='ltr'><strong>hospitum</strong></span> <span class='ocrx_word' id='word_1_141' title='bbox 1662 2665 1795 2712; x_wconf 89' lang='lat' dir='ltr'><strong>suorum</strong></span> <span class='ocrx_word' id='word_1_142' title='bbox 1811 2644 1851 2709; x_wconf 90' lang='lat' dir='ltr'><strong>de</strong></span> <span class='ocrx_word' id='word_1_143' title='bbox 1865 2643 1978 2710; x_wconf 85' lang='lat' dir='ltr'><strong>eadem</strong></span> <span class='ocrx_word' id='word_1_144' title='bbox 1994 2667 2072 2730; x_wconf 89' lang='lat' dir='ltr'><strong>per·</strong></span> 
     </span>
    </p>
   </div>
   <div class='ocr_carea' id='block_1_4' title="bbox 411 2725 2202 2815">
    <p class='ocr_par' dir='ltr' id='par_1_4' title="bbox 411 2725 2202 2815">
     <span class='ocr_line' id='line_1_17' title="bbox 411 2725 2202 2815; baseline -0.007 -12"><span class='ocrx_word' id='word_1_145' title='bbox 411 2737 503 2804; x_wconf 90' lang='lat' dir='ltr'><strong>sonis</strong></span> <span class='ocrx_word' id='word_1_146' title='bbox 516 2731 663 2797; x_wconf 82' lang='lat' dir='ltr'><strong>exhibuit</strong></span> <span class='ocrx_word' id='word_1_147' title='bbox 675 2751 756 2812; x_wconf 89' lang='lat' dir='ltr'><strong>quas</strong></span> <span class='ocrx_word' id='word_1_148' title='bbox 772 2727 850 2810; x_wconf 90' lang='lat' dir='ltr'><strong>(sic)</strong></span> <span class='ocrx_word' id='word_1_149' title='bbox 864 2727 977 2793; x_wconf 88' lang='lat' dir='ltr'><strong>literas</strong></span> <span class='ocrx_word' id='word_1_150' title='bbox 993 2737 1125 2794; x_wconf 88' lang='lat' dir='ltr'><strong>nostras</strong></span> <span class='ocrx_word' id='word_1_151' title='bbox 1140 2729 1363 2815; x_wconf 87' lang='lat' dir='ltr'><strong>priuilegiales</strong></span> <span class='ocrx_word' id='word_1_152' title='bbox 1378 2730 1506 2796; x_wconf 91' lang='lat' dir='ltr'><strong>tenoris</strong></span> <span class='ocrx_word' id='word_1_153' title='bbox 1520 2729 1736 2814; x_wconf 82' lang='lat' dir='ltr'><strong>infrascripti,</strong></span> <span class='ocrx_word' id='word_1_154' title='bbox 1751 2738 1871 2814; x_wconf 88' lang='lat' dir='ltr'><strong>petens</strong></span> <span class='ocrx_word' id='word_1_155' title='bbox 1884 2751 1946 2797; x_wconf 89' lang='lat' dir='ltr'><strong>nos</strong></span> <span class='ocrx_word' id='word_1_156' title='bbox 1961 2725 2072 2814; x_wconf 90' lang='lat' dir='ltr'><strong>humilj</strong></span> <span class='ocrx_word' id='word_1_157' title='bbox 2200 2759 2202 2762; x_wconf 95' lang='lat'>·</span> 
     </span>
    </p>
   </div>
   <div class='ocr_carea' id='block_1_5' title="bbox 408 2810 2090 3585">
    <p class='ocr_par' dir='ltr' id='par_1_5' title="bbox 410 2810 2090 2988">
     <span class='ocr_line' id='line_1_18' title="bbox 410 2810 2090 2906; baseline -0.004 -22"><span class='ocrx_word' id='word_1_158' title='bbox 410 2839 546 2906; x_wconf 88' lang='lat' dir='ltr'><strong>precum</strong></span> <span class='ocrx_word' id='word_1_159' title='bbox 572 2812 883 2892; x_wconf 79' lang='lat' dir='ltr'><strong>cum&#39;instantibus,</strong></span> <span class='ocrx_word' id='word_1_160' title='bbox 899 2813 947 2876; x_wconf 91' lang='lat' dir='ltr'><strong>uti</strong></span> <span class='ocrx_word' id='word_1_161' title='bbox 962 2813 1095 2878; x_wconf 90' lang='lat' dir='ltr'><strong>eosdem</strong></span> <span class='ocrx_word' id='word_1_162' title='bbox 1111 2815 1189 2894; x_wconf 89' lang='lat' dir='ltr'><strong>(sic)</strong></span> <span class='ocrx_word' id='word_1_163' title='bbox 1206 2813 1333 2878; x_wconf 83' lang='lat' dir='ltr'><strong>demum</strong></span> <span class='ocrx_word' id='word_1_164' title='bbox 1350 2813 1409 2878; x_wconf 90' lang='lat' dir='ltr'><strong>sub</strong></span> <span class='ocrx_word' id='word_1_165' title='bbox 1427 2810 1528 2900; x_wconf 86' lang='lat' dir='ltr'><strong>sigilli</strong></span> <span class='ocrx_word' id='word_1_166' title='bbox 1542 2813 1649 2878; x_wconf 88' lang='lat' dir='ltr'><strong>nostri</strong></span> <span class='ocrx_word' id='word_1_167' title='bbox 1663 2812 1852 2882; x_wconf 87' lang='lat' dir='ltr'><strong>testimonie</strong></span> <span class='ocrx_word' id='word_1_168' title='bbox 1868 2813 2008 2878; x_wconf 85' lang='lat' dir='ltr'><strong>rescribi</strong></span> <span class='ocrx_word' id='word_1_169' title='bbox 2022 2813 2072 2878; x_wconf 86' lang='lat' dir='ltr'><strong>fa·</strong></span> <span class='ocrx_word' id='word_1_170' title='bbox 2088 2859 2090 2862; x_wconf 91' lang='lat'>-</span> 
     </span>
     <span class='ocr_line' id='line_1_19' title="bbox 411 2891 1866 2988; baseline -0.007 -20"><span class='ocrx_word' id='word_1_171' title='bbox 411 2925 487 2972; x_wconf 86' lang='lat' dir='ltr'><strong>cere</strong></span> <span class='ocrx_word' id='word_1_172' title='bbox 503 2891 712 2988; x_wconf 74' lang='lat' dir='ltr'><strong>dignaremur</strong></span> <span class='ocrx_word' id='word_1_173' title='bbox 727 2897 770 2965; x_wconf 88' lang='lat' dir='ltr'><strong>ad</strong></span> <span class='ocrx_word' id='word_1_174' title='bbox 785 2895 955 2962; x_wconf 87' lang='lat' dir='ltr'><strong>cautelam.</strong></span> <span class='ocrx_word' id='word_1_175' title='bbox 978 2896 1125 2979; x_wconf 86' lang='lat' dir='ltr'><strong>Quorum</strong></span> <span class='ocrx_word' id='word_1_176' title='bbox 1141 2897 1221 2978; x_wconf 90' lang='lat' dir='ltr'><strong>(sio)</strong></span> <span class='ocrx_word' id='word_1_177' title='bbox 1235 2905 1332 2962; x_wconf 81' lang='lat' dir='ltr'><strong>tenor</strong></span> <span class='ocrx_word' id='word_1_178' title='bbox 1348 2899 1496 2980; x_wconf 89' lang='lat' dir='ltr'><strong>sequitur</strong></span> <span class='ocrx_word' id='word_1_179' title='bbox 1510 2898 1544 2962; x_wconf 93' lang='lat' dir='ltr'><strong>in</strong></span> <span class='ocrx_word' id='word_1_180' title='bbox 1559 2898 1620 2962; x_wconf 90' lang='lat' dir='ltr'><strong>hec</strong></span> <span class='ocrx_word' id='word_1_181' title='bbox 1635 2898 1748 2963; x_wconf 82' lang='lat' dir='ltr'><strong>rerba.</strong></span> <span class='ocrx_word' id='word_1_182' title='bbox 1863 2953 1866 2958; x_wconf 17' lang='grc' dir='ltr'><strong><em>Δ</em></strong></span> 
     </span>
    </p>

    <p class='ocr_par' dir='ltr' id='par_1_6' title="bbox 408 2979 2074 3585">
     <span class='ocr_line' id='line_1_20' title="bbox 515 2979 2072 3078; baseline -0.002 -29"><span class='ocrx_word' id='word_1_183' title='bbox 515 2981 720 3050; x_wconf 67' lang='lat' dir='ltr'><strong>itti-Nos</strong></span> <span class='ocrx_word' id='word_1_184' title='bbox 737 2979 922 3078; x_wconf 80' lang='lat' dir='ltr'><strong>Capitulum</strong></span> <span class='ocrx_word' id='word_1_185' title='bbox 938 2979 1032 3045; x_wconf 82' lang='lat' dir='ltr'><strong>Beati</strong></span> <span class='ocrx_word' id='word_1_186' title='bbox 1046 2981 1182 3046; x_wconf 88' lang='lat' dir='ltr'><strong>Martini</strong></span> <span class='ocrx_word' id='word_1_187' title='bbox 1197 2981 1237 3046; x_wconf 88' lang='lat' dir='ltr'><strong>de</strong></span> <span class='ocrx_word' id='word_1_188' title='bbox 1254 2979 1380 3072; x_wconf 73' lang='lat' dir='ltr'><strong>Scopas,</strong></span> <span class='ocrx_word' id='word_1_189' title='bbox 1405 2981 1637 3068; x_wconf 86' lang='lat' dir='ltr'><strong>Significamus</strong></span> <span class='ocrx_word' id='word_1_190' title='bbox 1660 2981 1778 3064; x_wconf 89' lang='lat' dir='ltr'><strong>quibus</strong></span> <span class='ocrx_word' id='word_1_191' title='bbox 1800 2979 1935 3064; x_wconf 84' lang='lat' dir='ltr'><strong>expedit</strong></span> <span class='ocrx_word' id='word_1_192' title='bbox 1955 2989 2072 3046; x_wconf 89' lang='lat' dir='ltr'><strong>tenore</strong></span> 
     </span>
     <span class='ocr_line' id='line_1_21' title="bbox 410 3063 2073 3156; baseline -0.004 -20"><span class='ocrx_word' id='word_1_193' title='bbox 410 3069 620 3156; x_wconf 88' lang='lat' dir='ltr'><strong>presencium</strong></span> <span class='ocrx_word' id='word_1_194' title='bbox 643 3065 821 3146; x_wconf 78' lang='lat' dir='ltr'><strong>universis,</strong></span> <span class='ocrx_word' id='word_1_195' title='bbox 839 3063 937 3146; x_wconf 82' lang='lat' dir='ltr'><strong>Quod</strong></span> <span class='ocrx_word' id='word_1_196' title='bbox 953 3063 995 3127; x_wconf 88' lang='lat' dir='ltr'><strong>ad</strong></span> <span class='ocrx_word' id='word_1_197' title='bbox 1010 3073 1157 3129; x_wconf 90' lang='lat' dir='ltr'><strong>nostram</strong></span> <span class='ocrx_word' id='word_1_198' title='bbox 1181 3064 1380 3130; x_wconf 87' lang='lat' dir='ltr'><strong>accedentes</strong></span> <span class='ocrx_word' id='word_1_199' title='bbox 1406 3065 1612 3151; x_wconf 81' lang='lat' dir='ltr'><strong>presenciam</strong></span> <span class='ocrx_word' id='word_1_200' title='bbox 1640 3065 1790 3132; x_wconf 82' lang='lat' dir='ltr'><strong>Saxones</strong></span> <span class='ocrx_word' id='word_1_201' title='bbox 1807 3063 1849 3128; x_wconf 91' lang='lat' dir='ltr'><strong>de</strong></span> <span class='ocrx_word' id='word_1_202' title='bbox 1865 3064 1978 3129; x_wconf 89' lang='lat' dir='ltr'><strong>eadem</strong></span> <span class='ocrx_word' id='word_1_203' title='bbox 1995 3086 2073 3150; x_wconf 90' lang='lat' dir='ltr'><strong>pro·</strong></span> 
     </span>
     <span class='ocr_line' id='line_1_22' title="bbox 409 3147 2073 3240; baseline -0.004 -20"><span class='ocrx_word' id='word_1_204' title='bbox 409 3154 519 3220; x_wconf 84' lang='lat' dir='ltr'><strong>vincia</strong></span> <span class='ocrx_word' id='word_1_205' title='bbox 532 3151 660 3240; x_wconf 78' lang='lat' dir='ltr'><strong>Sospes,</strong></span> <span class='ocrx_word' id='word_1_206' title='bbox 676 3148 894 3214; x_wconf 86' lang='lat' dir='ltr'><strong>exhibuerunt</strong></span> <span class='ocrx_word' id='word_1_207' title='bbox 922 3147 1019 3213; x_wconf 90' lang='lat' dir='ltr'><strong>nobis</strong></span> <span class='ocrx_word' id='word_1_208' title='bbox 1038 3149 1155 3232; x_wconf 86' lang='lat' dir='ltr'><strong>priuile</strong></span> <span class='ocrx_word' id='word_1_209' title='bbox 1182 3150 1247 3212; x_wconf 90' lang='lat' dir='ltr'><strong>&#39;urn</strong></span> <span class='ocrx_word' id='word_1_210' title='bbox 1269 3148 1442 3235; x_wconf 85' lang='lat' dir='ltr'><strong>Stephani,</strong></span> <span class='ocrx_word' id='word_1_211' title='bbox 1465 3148 1606 3214; x_wconf 89' lang='lat' dir='ltr'><strong>condam</strong></span> <span class='ocrx_word' id='word_1_212' title='bbox 1621 3149 1711 3236; x_wconf 87' lang='lat' dir='ltr'><strong>regis</strong></span> <span class='ocrx_word' id='word_1_213' title='bbox 1726 3149 1873 3234; x_wconf 82' lang='lat' dir='ltr'><strong>Ungarie</strong></span> <span class='ocrx_word' id='word_1_214' title='bbox 1889 3169 2006 3233; x_wconf 81' lang='lat' dir='ltr'><strong>supere</strong></span> <span class='ocrx_word' id='word_1_215' title='bbox 2020 3149 2073 3214; x_wconf 88' lang='lat' dir='ltr'><strong>uis</strong></span> 
     </span>
     <span class='ocr_line' id='line_1_23' title="bbox 408 3225 2070 3331; baseline -0.005 -25"><span class='ocrx_word' id='word_1_216' title='bbox 408 3235 615 3306; x_wconf 86' lang='lat' dir='ltr'><strong>libertatibus</strong></span> <span class='ocrx_word' id='word_1_217' title='bbox 632 3233 836 3314; x_wconf 83' lang='lat' dir='ltr'><strong>confectum,</strong></span> <span class='ocrx_word' id='word_1_218' title='bbox 850 3231 886 3296; x_wconf 93' lang='lat' dir='ltr'><strong>id</strong></span> <span class='ocrx_word' id='word_1_219' title='bbox 899 3225 1072 3314; x_wconf 79' lang='lat' dir='ltr'><strong>ipsumque</strong></span> <span class='ocrx_word' id='word_1_220' title='bbox 1081 3233 1171 3331; x_wconf 85' lang='lat' dir='ltr'><strong>prim</strong></span> <span class='ocrx_word' id='word_1_221' title='bbox 1185 3233 1294 3331; x_wconf 80' lang='lat' dir='ltr'><strong>egium</strong></span> <span class='ocrx_word' id='word_1_222' title='bbox 1307 3243 1448 3320; x_wconf 86' lang='lat' dir='ltr'><strong>propter</strong></span> <span class='ocrx_word' id='word_1_223' title='bbox 1462 3234 1588 3298; x_wconf 86' lang='lat' dir='ltr'><strong>viarum</strong></span> <span class='ocrx_word' id='word_1_224' title='bbox 1603 3233 1794 3300; x_wconf 89' lang='lat' dir='ltr'><strong>discrimina</strong></span> <span class='ocrx_word' id='word_1_225' title='bbox 1807 3233 1928 3302; x_wconf 88' lang='lat' dir='ltr'><strong>iunctis</strong></span> <span class='ocrx_word' id='word_1_226' title='bbox 1973 3237 2070 3300; x_wconf 77' lang='lat' dir='ltr'><strong>ormi-</strong></span> 
     </span>
     <span class='ocr_line' id='line_1_24' title="bbox 410 3313 2074 3406; baseline -0.003 -19"><span class='ocrx_word' id='word_1_227' title='bbox 410 3325 555 3389; x_wconf 80' lang='lat' dir='ltr'><strong>dcnsibur</strong></span> <span class='ocrx_word' id='word_1_228' title='bbox 569 3319 701 3383; x_wconf 87' lang='lat' dir='ltr'><strong>fortune</strong></span> <span class='ocrx_word' id='word_1_229' title='bbox 718 3315 861 3398; x_wconf 86' lang='lat' dir='ltr'><strong>casibus,</strong></span> <span class='ocrx_word' id='word_1_230' title='bbox 877 3313 974 3380; x_wconf 92' lang='lat' dir='ltr'><strong>nobis</strong></span> <span class='ocrx_word' id='word_1_231' title='bbox 990 3338 1064 3380; x_wconf 91' lang='lat' dir='ltr'><strong>cum</strong></span> <span class='ocrx_word' id='word_1_232' title='bbox 1079 3325 1243 3383; x_wconf 85' lang='lat' dir='ltr'><strong>rnstancra</strong></span> <span class='ocrx_word' id='word_1_233' title='bbox 1257 3313 1493 3403; x_wconf 80' lang='lat' dir='ltr'><strong>supplicarunt,</strong></span> <span class='ocrx_word' id='word_1_234' title='bbox 1505 3327 1541 3384; x_wconf 92' lang='lat' dir='ltr'><strong>ut</strong></span> <span class='ocrx_word' id='word_1_235' title='bbox 1555 3317 1663 3402; x_wconf 89' lang='lat' dir='ltr'><strong>ipsum</strong></span> <span class='ocrx_word' id='word_1_236' title='bbox 1679 3317 1738 3384; x_wconf 90' lang='lat' dir='ltr'><strong>snb</strong></span> <span class='ocrx_word' id='word_1_237' title='bbox 1751 3319 1859 3383; x_wconf 88' lang='lat' dir='ltr'><strong>nostri</strong></span> <span class='ocrx_word' id='word_1_238' title='bbox 1870 3317 1932 3406; x_wconf 70' lang='lat' dir='ltr'><strong>sig*</strong></span> <span class='ocrx_word' id='word_1_239' title='bbox 1960 3340 1979 3382; x_wconf 94' lang='lat' dir='ltr'><strong>o</strong></span> <span class='ocrx_word' id='word_1_240' title='bbox 1994 3317 2074 3399; x_wconf 85' lang='lat' dir='ltr'><strong>(sic)</strong></span> 
     </span>
     <span class='ocr_line' id='line_1_25' title="bbox 409 3398 2074 3490; baseline -0.002 -18"><span class='ocrx_word' id='word_1_241' title='bbox 409 3403 600 3472; x_wconf 90' lang='lat' dir='ltr'><strong>testimonio</strong></span> <span class='ocrx_word' id='word_1_242' title='bbox 616 3402 658 3466; x_wconf 91' lang='lat' dir='ltr'><strong>ad</strong></span> <span class='ocrx_word' id='word_1_243' title='bbox 672 3399 830 3466; x_wconf 88' lang='lat' dir='ltr'><strong>cautelam</strong></span> <span class='ocrx_word' id='word_1_244' title='bbox 860 3398 1001 3465; x_wconf 84' lang='lat' dir='ltr'><strong>rescribi</strong></span> <span class='ocrx_word' id='word_1_245' title='bbox 1015 3400 1208 3468; x_wconf 85' lang='lat' dir='ltr'><strong>faceremus.</strong></span> <span class='ocrx_word' id='word_1_246' title='bbox 1245 3399 1348 3488; x_wconf 89' lang='lat' dir='ltr'><strong>Cujus</strong></span> <span class='ocrx_word' id='word_1_247' title='bbox 1370 3402 1502 3486; x_wconf 90' lang='lat' dir='ltr'><strong>quidem</strong></span> <span class='ocrx_word' id='word_1_248' title='bbox 1520 3401 1685 3490; x_wconf 84' lang='lat' dir='ltr'><strong>priuilegij</strong></span> <span class='ocrx_word' id='word_1_249' title='bbox 1702 3411 1800 3470; x_wconf 90' lang='lat' dir='ltr'><strong>tenor</strong></span> <span class='ocrx_word' id='word_1_250' title='bbox 1814 3401 1889 3468; x_wconf 88' lang='lat' dir='ltr'><strong>talis</strong></span> <span class='ocrx_word' id='word_1_251' title='bbox 1906 3411 1969 3469; x_wconf 86' lang='lat' dir='ltr'><strong>est:</strong></span> <span class='ocrx_word' id='word_1_252' title='bbox 1993 3399 2074 3484; x_wconf 81' lang='lat' dir='ltr'><strong>(Hoc</strong></span> 
     </span>
     <span class='ocr_line' id='line_1_26' title="bbox 409 3483 1326 3585; baseline -0.017 -26"><span class='ocrx_word' id='word_1_253' title='bbox 409 3492 475 3560; x_wconf 77' lang='lat' dir='ltr'><strong>loco</strong></span> <span class='ocrx_word' id='word_1_254' title='bbox 490 3489 569 3556; x_wconf 77' lang='lat' dir='ltr'><strong>illud</strong></span> <span class='ocrx_word' id='word_1_255' title='bbox 581 3489 719 3553; x_wconf 81' lang='lat' dir='ltr'><strong>nostrum</strong></span> <span class='ocrx_word' id='word_1_256' title='bbox 731 3483 928 3575; x_wconf 62' lang='lat' dir='ltr'><strong>privilegium</strong></span> <span class='ocrx_word' id='word_1_257' title='bbox 940 3483 1097 3585; x_wconf 54' lang='lat' dir='ltr'><strong>displicui</strong></span> <span class='ocrx_word' id='word_1_258' title='bbox 1110 3489 1217 3574; x_wconf 70' lang='lat' dir='ltr'><strong>repis).</strong></span> <span class='ocrx_word' id='word_1_259' title='bbox 1281 3539 1283 3544; x_wconf 94' lang='lat'><em>.</em></span> <span class='ocrx_word' id='word_1_260' title='bbox 1323 3535 1326 3543; x_wconf 77' lang='grc'>,</span> 
     </span>
    </p>
   </div>
   <div class='ocr_carea' id='block_1_6' title="bbox 513 3567 2190 3669">
    <p class='ocr_par' dir='ltr' id='par_1_7' title="bbox 513 3567 2190 3669">
     <span class='ocr_line' id='line_1_27' title="bbox 513 3567 2190 3669; baseline -0.003 -31"><span class='ocrx_word' id='word_1_261' title='bbox 513 3571 583 3638; x_wconf 85' lang='lat' dir='ltr'><strong>Nos</strong></span> <span class='ocrx_word' id='word_1_262' title='bbox 610 3573 721 3652; x_wconf 87' lang='lat' dir='ltr'><strong>itaque</strong></span> <span class='ocrx_word' id='word_1_263' title='bbox 750 3569 899 3654; x_wconf 90' lang='lat' dir='ltr'><strong>ipsorum</strong></span> <span class='ocrx_word' id='word_1_264' title='bbox 926 3567 1278 3668; x_wconf 77' lang='lat' dir='ltr'><strong>hortis-peticionibus</strong></span> <span class='ocrx_word' id='word_1_265' title='bbox 1303 3579 1496 3653; x_wconf 88' lang='lat' dir='ltr'><strong>annuentes,</strong></span> <span class='ocrx_word' id='word_1_266' title='bbox 1511 3571 1618 3657; x_wconf 91' lang='lat' dir='ltr'><strong>ipsum</strong></span> <span class='ocrx_word' id='word_1_267' title='bbox 1635 3571 1901 3669; x_wconf 28' lang='lat' dir='ltr'><strong>privilegiumnde</strong></span> <span class='ocrx_word' id='word_1_268' title='bbox 1916 3569 2019 3634; x_wconf 89' lang='lat' dir='ltr'><strong>verbo</strong></span> <span class='ocrx_word' id='word_1_269' title='bbox 2032 3569 2074 3633; x_wconf 91' lang='lat' dir='ltr'><strong>ad</strong></span> <span class='ocrx_word' id='word_1_270' title='bbox 2188 3583 2190 3588; x_wconf 82' lang='grc'>’</span> 
     </span>
    </p>
   </div>
   <div class='ocr_carea' id='block_1_7' title="bbox 352 3651 2124 4410">
    <p class='ocr_par' dir='ltr' id='par_1_8' title="bbox 352 3651 2124 3890">
     <span class='ocr_line' id='line_1_28' title="bbox 352 3651 2072 3752; baseline -0.001 -37"><span class='ocrx_word' id='word_1_271' title='bbox 352 3709 354 3715; x_wconf 94' lang='grc'>.</span> <span class='ocrx_word' id='word_1_272' title='bbox 410 3657 547 3723; x_wconf 82' lang='lat' dir='ltr'><strong>verbnm</strong></span> <span class='ocrx_word' id='word_1_273' title='bbox 561 3651 772 3739; x_wconf 88' lang='lat' dir='ltr'><strong>presentibus</strong></span> <span class='ocrx_word' id='word_1_274' title='bbox 787 3653 925 3717; x_wconf 86' lang='lat' dir='ltr'><strong>fecimus</strong></span> <span class='ocrx_word' id='word_1_275' title='bbox 939 3653 1040 3742; x_wconf 66' lang='lat' dir='ltr'><strong>inser]</strong></span> <span class='ocrx_word' id='word_1_276' title='bbox 1057 3664 1091 3720; x_wconf 88' lang='lat' dir='ltr'><strong>et</strong></span> <span class='ocrx_word' id='word_1_277' title='bbox 1105 3655 1257 3741; x_wconf 89' lang='lat' dir='ltr'><strong>rescribj,</strong></span> <span class='ocrx_word' id='word_1_278' title='bbox 1273 3655 1514 3741; x_wconf 89' lang='lat' dir='ltr'><strong>pendentisque</strong></span> <span class='ocrx_word' id='word_1_279' title='bbox 1529 3655 1637 3719; x_wconf 89' lang='lat' dir='ltr'><strong>nostri</strong></span> <span class='ocrx_word' id='word_1_280' title='bbox 1653 3653 1763 3752; x_wconf 83' lang='lat' dir='ltr'><strong>Sigillr</strong></span> <span class='ocrx_word' id='word_1_281' title='bbox 1776 3655 1966 3718; x_wconf 77' lang='lat' dir='ltr'><strong>testimonio</strong></span> <span class='ocrx_word' id='word_1_282' title='bbox 1983 3675 2072 3717; x_wconf 91' lang='lat' dir='ltr'><strong>com·</strong></span> 
     </span>
     <span class='ocr_line' id='line_1_29' title="bbox 410 3735 2124 3884; baseline -0.002 -80"><span class='ocrx_word' id='word_1_283' title='bbox 410 3739 538 3838; x_wconf 78' lang='lat' dir='ltr'><strong>muniri.</strong></span> <span class='ocrx_word' id='word_1_284' title='bbox 575 3736 815 3884; x_wconf 50' lang='lat' dir='ltr'><strong>llatumlgqldie</strong></span> <span class='ocrx_word' id='word_1_285' title='bbox 830 3737 926 3804; x_wconf 89' lang='lat' dir='ltr'><strong>Beati</strong></span> <span class='ocrx_word' id='word_1_286' title='bbox 938 3738 1112 3825; x_wconf 85' lang='lat' dir='ltr'><strong>Benedictj</strong></span> <span class='ocrx_word' id='word_1_287' title='bbox 1129 3741 1280 3820; x_wconf 86' lang='lat' dir='ltr'><strong>Abbatis,</strong></span> <span class='ocrx_word' id='word_1_288' title='bbox 1310 3741 1410 3805; x_wconf 87' lang='lat' dir='ltr'><strong>Anno</strong></span> <span class='ocrx_word' id='word_1_289' title='bbox 1427 3738 1560 3802; x_wconf 89' lang='lat' dir='ltr'><strong>domino</strong></span> <span class='ocrx_word' id='word_1_290' title='bbox 1577 3736 1754 3802; x_wconf 87' lang='lat' dir='ltr'><strong>Millesrnro</strong></span> <span class='ocrx_word' id='word_1_291' title='bbox 1769 3737 2004 3801; x_wconf 86' lang='lat' dir='ltr'><strong>trecentesimo</strong></span> <span class='ocrx_word' id='word_1_292' title='bbox 2018 3735 2070 3800; x_wconf 83' lang='lat' dir='ltr'><strong>vi·</strong></span> <span class='ocrx_word' id='word_1_293' title='bbox 2120 3747 2124 3754; x_wconf 83' lang='grc'><em>“</em></span> 
     </span>
     <span class='ocr_line' id='line_1_30' title="bbox 409 3842 913 3890; baseline -0.012 0"><span class='ocrx_word' id='word_1_294' title='bbox 409 3843 533 3890; x_wconf 85' lang='lat' dir='ltr'><strong>csrmo</strong></span> <span class='ocrx_word' id='word_1_295' title='bbox 573 3842 655 3885; x_wconf 89' lang='lat' dir='ltr'><strong>runo</strong></span> <span class='ocrx_word' id='word_1_296' title='bbox 785 3865 793 3880; x_wconf 90' lang='lat'>.</span> <span class='ocrx_word' id='word_1_297' title='bbox 910 3869 913 3873; x_wconf 81' lang='lat'><em>-</em></span> 
     </span>
    </p>

    <p class='ocr_par' dir='ltr' id='par_1_9' title="bbox 409 3823 2072 4410">
     <span class='ocr_line' id='line_1_31' title="bbox 430 3823 2070 4001; baseline -0.001 -31"><span class='ocrx_word' id='word_1_298' title='bbox 430 3847 448 3892; x_wconf 65' lang='lat' dir='ltr'>e</span> <span class='ocrx_word' id='word_1_299' title='bbox 512 3841 582 3970; x_wconf 70' lang='lat' dir='ltr'><strong>Nds</strong></span> <span class='ocrx_word' id='word_1_300' title='bbox 610 3827 712 3989; x_wconf 78' lang='lat' dir='ltr'><strong>igitlrr</strong></span> <span class='ocrx_word' id='word_1_301' title='bbox 738 3823 833 3968; x_wconf 74' lang='lat' dir='ltr'><strong>tultis</strong></span> <span class='ocrx_word' id='word_1_302' title='bbox 850 3913 884 3967; x_wconf 89' lang='lat' dir='ltr'><strong>et</strong></span> <span class='ocrx_word' id='word_1_303' title='bbox 897 3901 1067 4001; x_wconf 85' lang='lat' dir='ltr'><strong>legittimis</strong></span> <span class='ocrx_word' id='word_1_304' title='bbox 1093 3905 1202 3970; x_wconf 88' lang='lat' dir='ltr'><strong>causis</strong></span> <span class='ocrx_word' id='word_1_305' title='bbox 1222 3902 1444 3990; x_wconf 85' lang='lat' dir='ltr'><strong>peticionibus</strong></span> <span class='ocrx_word' id='word_1_306' title='bbox 1460 3903 1603 3994; x_wconf 89' lang='lat' dir='ltr'><strong>predicti</strong></span> <span class='ocrx_word' id='word_1_307' title='bbox 1617 3901 1743 3988; x_wconf 87' lang='lat' dir='ltr'><strong>Nicolaj</strong></span> <span class='ocrx_word' id='word_1_308' title='bbox 1759 3901 1889 3971; x_wconf 70' lang='lat' dir='ltr'><strong>,Iudicis</strong></span> <span class='ocrx_word' id='word_1_309' title='bbox 1904 3901 2070 3968; x_wconf 84' lang='lat' dir='ltr'><strong>fauorabi-</strong></span> 
     </span>
     <span class='ocr_line' id='line_1_32' title="bbox 410 3986 2072 4074; baseline -0.002 -20"><span class='ocrx_word' id='word_1_310' title='bbox 410 3991 485 4056; x_wconf 88' lang='lat' dir='ltr'><strong>liter</strong></span> <span class='ocrx_word' id='word_1_311' title='bbox 501 3996 535 4053; x_wconf 91' lang='lat' dir='ltr'><strong>et</strong></span> <span class='ocrx_word' id='word_1_312' title='bbox 550 4007 650 4050; x_wconf 85' lang='lat' dir='ltr'><strong>causa</strong></span> <span class='ocrx_word' id='word_1_313' title='bbox 664 3986 827 4050; x_wconf 86' lang='lat' dir='ltr'><strong>communi</strong></span> <span class='ocrx_word' id='word_1_314' title='bbox 841 3986 970 4051; x_wconf 88' lang='lat' dir='ltr'><strong>iustiore</strong></span> <span class='ocrx_word' id='word_1_315' title='bbox 986 3987 1142 4070; x_wconf 89' lang='lat' dir='ltr'><strong>inclinatj,</strong></span> <span class='ocrx_word' id='word_1_316' title='bbox 1169 3987 1338 4074; x_wconf 88' lang='lat' dir='ltr'><strong>predictas</strong></span> <span class='ocrx_word' id='word_1_317' title='bbox 1363 3987 1475 4060; x_wconf 83' lang='lat' dir='ltr'><strong>literas</strong></span> <span class='ocrx_word' id='word_1_318' title='bbox 1492 3997 1634 4072; x_wconf 85' lang='lat' dir='ltr'><strong>nostras,</strong></span> <span class='ocrx_word' id='word_1_319' title='bbox 1656 3996 1744 4052; x_wconf 89' lang='lat' dir='ltr'><strong>omni</strong></span> <span class='ocrx_word' id='word_1_320' title='bbox 1772 4007 1911 4072; x_wconf 89' lang='lat' dir='ltr'><strong>prorsus</strong></span> <span class='ocrx_word' id='word_1_321' title='bbox 1934 3987 2021 4051; x_wconf 89' lang='lat' dir='ltr'><strong>vicio</strong></span> <span class='ocrx_word' id='word_1_322' title='bbox 2038 3997 2072 4052; x_wconf 88' lang='lat' dir='ltr'><strong>et</strong></span> 
     </span>
     <span class='ocr_line' id='line_1_33' title="bbox 411 4069 2072 4159; baseline -0.002 -17"><span class='ocrx_word' id='word_1_323' title='bbox 411 4072 600 4159; x_wconf 86' lang='lat' dir='ltr'><strong>suspicione</strong></span> <span class='ocrx_word' id='word_1_324' title='bbox 630 4077 798 4149; x_wconf 88' lang='lat' dir='ltr'><strong>carentes,</strong></span> <span class='ocrx_word' id='word_1_325' title='bbox 814 4069 854 4132; x_wconf 89' lang='lat' dir='ltr'><strong>de</strong></span> <span class='ocrx_word' id='word_1_326' title='bbox 871 4069 974 4132; x_wconf 88' lang='lat' dir='ltr'><strong>verbo</strong></span> <span class='ocrx_word' id='word_1_327' title='bbox 999 4070 1041 4136; x_wconf 91' lang='lat' dir='ltr'><strong>ad</strong></span> <span class='ocrx_word' id='word_1_328' title='bbox 1067 4071 1220 4153; x_wconf 85' lang='lat' dir='ltr'><strong>verbum,</strong></span> <span class='ocrx_word' id='word_1_329' title='bbox 1243 4070 1557 4136; x_wconf 87' lang='lat' dir='ltr'><strong>sine-diminucione</strong></span> <span class='ocrx_word' id='word_1_330' title='bbox 1580 4081 1614 4140; x_wconf 88' lang='lat' dir='ltr'><strong>et</strong></span> <span class='ocrx_word' id='word_1_331' title='bbox 1635 4083 1830 4158; x_wconf 81' lang='lat' dir='ltr'><strong>augmento,</strong></span> <span class='ocrx_word' id='word_1_332' title='bbox 1860 4071 2072 4157; x_wconf 83' lang='lat' dir='ltr'><strong>presentibus</strong></span> 
     </span>
     <span class='ocr_line' id='line_1_34' title="bbox 409 4151 2071 4242; baseline 0 -20"><span class='ocrx_word' id='word_1_333' title='bbox 409 4157 512 4224; x_wconf 88' lang='lat' dir='ltr'><strong>inseri</strong></span> <span class='ocrx_word' id='word_1_334' title='bbox 528 4153 664 4219; x_wconf 88' lang='lat' dir='ltr'><strong>facimus</strong></span> <span class='ocrx_word' id='word_1_335' title='bbox 681 4162 715 4218; x_wconf 91' lang='lat' dir='ltr'><strong>et</strong></span> <span class='ocrx_word' id='word_1_336' title='bbox 729 4151 908 4230; x_wconf 87' lang='lat' dir='ltr'><strong>conscribi,</strong></span> <span class='ocrx_word' id='word_1_337' title='bbox 925 4155 1195 4240; x_wconf 90' lang='lat' dir='ltr'><strong>appensioneque</strong></span> <span class='ocrx_word' id='word_1_338' title='bbox 1211 4153 1311 4242; x_wconf 81' lang='lat' dir='ltr'><strong>sigilli</strong></span> <span class='ocrx_word' id='word_1_339' title='bbox 1326 4154 1431 4222; x_wconf 90' lang='lat' dir='ltr'><strong>nostri</strong></span> <span class='ocrx_word' id='word_1_340' title='bbox 1450 4153 1566 4219; x_wconf 89' lang='lat' dir='ltr'><strong>Eidem</strong></span> <span class='ocrx_word' id='word_1_341' title='bbox 1580 4155 1717 4222; x_wconf 86' lang='lat' dir='ltr'><strong>Nicolao</strong></span> <span class='ocrx_word' id='word_1_342' title='bbox 1733 4165 1766 4222; x_wconf 91' lang='lat' dir='ltr'><strong>et</strong></span> <span class='ocrx_word' id='word_1_343' title='bbox 1782 4158 1850 4222; x_wconf 92' lang='lat' dir='ltr'><strong>suis</strong></span> <span class='ocrx_word' id='word_1_344' title='bbox 1866 4155 1994 4224; x_wconf 86' lang='lat' dir='ltr'><strong>civibus</strong></span> <span class='ocrx_word' id='word_1_345' title='bbox 2011 4158 2071 4222; x_wconf 91' lang='lat' dir='ltr'><strong>du-</strong></span> 
     </span>
     <span class='ocr_line' id='line_1_35' title="bbox 409 4235 2071 4326; baseline 0.003 -21"><span class='ocrx_word' id='word_1_346' title='bbox 409 4242 516 4307; x_wconf 89' lang='lat' dir='ltr'><strong>ximus</strong></span> <span class='ocrx_word' id='word_1_347' title='bbox 532 4235 783 4306; x_wconf 89' lang='lat' dir='ltr'><strong>concedandum</strong></span> <span class='ocrx_word' id='word_1_348' title='bbox 793 4235 877 4320; x_wconf 75' lang='lat' dir='ltr'><strong>(sic)</strong></span> <span class='ocrx_word' id='word_1_349' title='bbox 892 4235 934 4299; x_wconf 84' lang='lat' dir='ltr'><strong>ad</strong></span> <span class='ocrx_word' id='word_1_350' title='bbox 949 4236 1108 4302; x_wconf 87' lang='lat' dir='ltr'><strong>cautelam</strong></span> <span class='ocrx_word' id='word_1_351' title='bbox 1135 4247 1350 4322; x_wconf 87' lang='lat' dir='ltr'><strong>prenotatam.</strong></span> <span class='ocrx_word' id='word_1_352' title='bbox 1388 4237 1510 4303; x_wconf 90' lang='lat' dir='ltr'><strong>Datum</strong></span> <span class='ocrx_word' id='word_1_353' title='bbox 1525 4239 1606 4304; x_wconf 86' lang='lat' dir='ltr'><strong>feria</strong></span> <span class='ocrx_word' id='word_1_354' title='bbox 1619 4239 1726 4304; x_wconf 87' lang='lat' dir='ltr'><strong>tercia</strong></span> <span class='ocrx_word' id='word_1_355' title='bbox 1738 4243 1890 4326; x_wconf 84' lang='lat' dir='ltr'><strong>proxima</strong></span> <span class='ocrx_word' id='word_1_356' title='bbox 1904 4251 1984 4326; x_wconf 91' lang='lat' dir='ltr'><strong>post</strong></span> <span class='ocrx_word' id='word_1_357' title='bbox 1998 4243 2071 4310; x_wconf 92' lang='lat' dir='ltr'><strong>Do-</strong></span> 
     </span>
     <span class='ocr_line' id='line_1_36' title="bbox 410 4319 1954 4410; baseline 0.001 -21"><span class='ocrx_word' id='word_1_358' title='bbox 410 4325 562 4391; x_wconf 86' lang='lat' dir='ltr'><strong>minicam</strong></span> <span class='ocrx_word' id='word_1_359' title='bbox 576 4321 867 4408; x_wconf 82' lang='lat' dir='ltr'><strong>Ramispalmarum</strong></span> <span class='ocrx_word' id='word_1_360' title='bbox 882 4319 981 4391; x_wconf 81' lang='lat' dir='ltr'><strong>Anno</strong></span> <span class='ocrx_word' id='word_1_361' title='bbox 997 4322 1133 4389; x_wconf 88' lang='lat' dir='ltr'><strong>Domini</strong></span> <span class='ocrx_word' id='word_1_362' title='bbox 1147 4321 1323 4390; x_wconf 87' lang='lat' dir='ltr'><strong>Millasimo</strong></span> <span class='ocrx_word' id='word_1_363' title='bbox 1339 4322 1639 4410; x_wconf 84' lang='lat' dir='ltr'><strong>quadrigentesimo</strong></span> <span class='ocrx_word' id='word_1_364' title='bbox 1655 4325 1814 4392; x_wconf 84' lang='lat' dir='ltr'><strong>vicesimo</strong></span> <span class='ocrx_word' id='word_1_365' title='bbox 1830 4329 1954 4408; x_wconf 77' lang='lat'>(1420).</span> 
     </span>
    </p>
   </div>
   <div class='ocr_carea' id='block_1_8' title="bbox 0 0 2473 5922">
    <p class='ocr_par' dir='ltr' id='par_1_10' title="bbox 0 0 2473 5922">
     <span class='ocr_line' id='line_1_37' title="bbox 0 0 2473 5922; baseline 0 0"><span class='ocrx_word' id='word_1_366' title='bbox 0 0 2473 5922; x_wconf 95' lang='lat' dir='ltr'><strong> </strong></span> 
     </span>
    </p>
   </div>
  </div>
 </body>
</html>
