4856 5932
1049 679 1400 756 -4θὸ-’

357 881 669 970 ordinacionem
691 890 1057 990 recognocerunt„
1093 878 1218 982 Quod
1240 881 1436 966 videlicet
1464 885 1557 993 ipse
1584 883 1783 968 Nicolaus
1806 883 2008 994 Synovycr

356 997 654 1087 satisfaciendo
676 1025 751 1107 pro
772 998 893 1081 totali
915 1000 1012 1083 dote
1035 1008 1078 1081 et
1100 1001 1294 1086 dotalicio
1331 1002 1545 1114 rebusque
1580 1011 1622 1084 et
1652 1001 1775 1086 bouis
1812 1003 2005 1088 omnibus

356 1153 431 1232 per
453 1118 630 1204 eandem
653 1117 750 1201 olim
772 1117 950 1221 Annam,
973 1120 1285 1230 quomodolicet
1307 1122 1515 1204 derelictis
1551 1120 1724 1205 Nicolao
1762 1130 1804 1202 et
1838 1116 2003 1205 Thom‘e

352 1239 553 1350 predictis
574 1239 685 1321 veris
709 1245 751 1318 et
772 1237 988 1348 legittimis
1026 1239 1135 1320 dicte
1166 1240 1289 1322 Anne
1325 1241 1655 1343 successoribus²
1685 1239 1796 1323 vltra
1832 1269 1883 1321 ea
1920 1267 2003 1348 que

351 1362 455 1469 ipsis
479 1358 595 1440 dedit
617 1367 659 1438 et
679 1357 950 1467 consignauit
971 1358 1070 1440 dare
1095 1368 1137 1440 et
1156 1359 1320 1442 soluere
1356 1361 1566 1445 tenebitur
1604 1359 1787 1444 Centum
1818 1371 1861 1442 et
1883 1361 2004 1468 quin-

317 1587 319 1593 ,
353 1480 563 1590 quaginta
583 1503 747 1560 marcas
767 1484 935 1560 monete
959 1487 1001 1557 et
1021 1479 1184 1560 numeri
1204 1478 1505 1564 Polonicalium
1529 1489 1823 1563 consuetorum
1838 1478 2004 1561 realiter

353 1609 396 1680 et
417 1625 514 1681 cum
537 1595 704 1700 effectu,
727 1594 873 1678 ordine
892 1593 1159 1706 infrascripto
1182 1596 1389 1681 Videlicet
1411 1600 1726 1710 quinquaginta
1741 1625 1906 1681 marcas
1927 1625 2002 1705 pro

349 1717 456 1802 festo
480 1725 720 1799 sanctorum
741 1714 854 1797 Petri
876 1723 919 1796 et
938 1715 1057 1798 Pauli
1080 1717 1362 1825 apostolorum
1399 1723 1587 1827 proxime
1610 1717 1761 1824 futuro,
1798 1717 2001 1826 Reliquas

345 1866 446 1926 vero
469 1836 653 1922 Centum
672 1861 850 1937 mareas,
882 1834 971 1918 Nos
1004 1835 1148 1942 quiin
1178 1834 1592 1946 bonapereundem
1630 1835 1846 1947 Synoruycz
1880 1837 2001 1922 nobis
2135 1869 2138 1878 ·

349 1958 574 2042 reformata
593 1955 685 2064 ipso
707 1954 794 2036 vita
815 1950 962 2036 functo
985 1955 1216 2038 succedere
1240 1955 1457 2062 debemus,
1492 1966 1591 2068 post
1621 1955 1782 2040 obitum
1805 1957 1906 2038 dicti
1926 1957 2001 2040 Ni·
2039 1962 2047 1974 ’

350 2078 456 2186 colaj
482 2076 695 2187 Syacwycz
714 2071 823 2155 inira
844 2073 1038 2182 quartale
1059 2076 1181 2156 vnius
1205 2077 1304 2156 anni
1326 2076 1486 2160 soluere
1503 2075 1751 2159 tenebimur.
1785 2071 2001 2182 Quasqui·

349 2200 443 2282 dem
466 2195 649 2281 Centum
669 2217 848 2292 mareas,
886 2191 1044 2274 eisdem
1064 2181 1239 2278 Nicolao
1262 2203 1305 2275 et
1325 2193 1489 2278 Thome
1527 2222 1653 2304 super
1687 2194 1811 2288 ¹bonis
1847 2195 1999 2277 nostris

29 2309 40 2340 Γ
137 2303 140 2308 ’
289 2416 291 2422 Ι
348 2317 445 2400 villa
468 2309 623 2422 Cocytia
644 2310 702 2425 (⁴)
723 2312 777 2394 ad
797 2333 874 2394 nos
896 2317 939 2391 et
959 2320 1124 2396 nostros
1146 2339 1414 2396 successores
1437 2316 1498 2397 sic
1519 2323 1567 2396 ut
1588 2315 1839 2424 premittitur
1858 2311 2000 2396 devol-
2034 2363 2038 2372 -

298 2429 304 2447 ’
345 2437 486 2520 nenda
520 2432 792 2516 Inscribimus
814 2437 857 2511 et
876 2427 1164 2513 reformamus.
1196 2433 1253 2514 Et
1282 2459 1384 2515 casu
1415 2461 1500 2544 quo
1536 2435 1650 2542 ipsas
1675 2431 1857 2516 Centum
1889 2459 1998 2513 mar-

348 2583 420 2639 cas
441 2555 616 2638 Necnon
639 2549 956 2668 quinquaginta
975 2578 1140 2634 marcas
1157 2550 1356 2659 prefatas,
1377 2552 1412 2632 si
1427 2553 1541 2661 ipsas
1561 2553 1874 2664 quinquaginta
1889 2579 1998 2632 mar-

349 2703 422 2759 cas
462 2671 575 2754 idem
616 2669 814 2753 Nicolaus
857 2667 1056 2778 Syncvycr
1092 2697 1176 2752 non
1197 2671 1370 2754 soluerit
1407 2672 1564 2754 eisdem
1600 2672 1773 2756 Nicolao
1803 2679 1846 2751 et
1882 2670 1999 2753 Tho-

346 2823 415 2878 me
430 2818 505 2902 pro
527 2801 716 2899 tempore
738 2789 971 2898 prescripto
995 2789 1158 2874 soluere
1179 2790 1490 2900 negligeremus
1524 2800 1675 2874 extunc
1697 2791 1787 2902 ipso
1809 2799 1997 2898 tempore
2030 2887 2033 2894 Ι

344 2915 463 3026 lapso
484 2911 528 2994 in
549 2907 705 2992 dictam
726 2909 867 2992 villam
892 2903 1471 3015 Cocyaoeisintrcmissionem
1490 2910 1746 2996 admittimus
1765 2909 1998 3016 damusque

344 3043 388 3118 et
408 3029 677 3116 concedimus
713 3037 857 3111 tenore
889 3030 1152 3134 presencium
1194 3029 1420 3126 mediante,
1443 3030 1691 3111 wtenendam
1714 3042 1757 3114 et
1776 3029 1996 3138 possiden·

345 3156 442 3238 dam
464 3139 575 3234 Cum
596 3147 789 3232 omnibus
811 3159 855 3227 et
875 3148 1054 3257 singulis
1076 3147 1353 3257 proventibus
1391 3147 1600 3232 Censibus
1637 3150 1872 3234 redditibus
1894 3151 1995 3233 Pre-
2129 3137 2132 3144 ⁴

346 3273 427 3355 dio.
459 3269 587 3383 Agris
609 3270 740 3376 pratis
763 3255 1059 3374 campis'siluis
1091 3267 1225 3350 borris
1247 3278 1289 3349 et
1309 3267 1548 3352 nemoribus
1577 3269 1754 3352 Piscinis
1773 3267 1996 3378 piscaturis

339 3390 439 3474 riuis
461 3387 601 3494 fluuijs
619 3395 662 3466 et
681 3385 936 3470 torrentibus
958 3387 1207 3469 molendinis
1229 3398 1273 3470 et
1295 3415 1438 3472 eorum
1460 3387 1752 3472 emolumentis
1774 3387 1991 3494 Mellificijs

343 3505 656 3591 Venacicnibus
694 3513 737 3585 et
766 3505 1138 3612 arrcupacionibus²
1170 3515 1212 3594 et
1234 3507 1323 3614 alijs
1346 3505 1689 3615 quibuscumque
1726 3505 1995 3590 obueneioui·

339 3630 422 3714 bue
443 3624 568 3708 nullis
585 3623 767 3707 exclusis
806 3621 1148 3736 quibuscumque
1184 3629 1421 3708 vocitentur
1455 3625 1692 3710 nominibus
1729 3653 1805 3733 per
1841 3654 1910 3710 eos
1944 3651 1993 3707 ac

342 3772 610 3834 successores
645 3770 789 3828 eorum
818 3740 1081 3826 Tenebimus'
1115 3741 1360 3827 habendum
1397 3743 1697 3854 possidendum
1719 3773 1770 3826 ac
1791 3744 1991 3829 vtifruen·

343 3869 444 3952 dum
463 3863 641 3974 pacifice
664 3871 707 3946 et
728 3863 882 3974 quiete,
904 3861 1099 3944 Tandem
1138 3887 1363 3972 quousque
1406 3864 1518 3946 dicte
1555 3864 1737 3951 Centum
1757 3893 1897 3948 marce
1919 3889 1994 3974 per

198 3975 204 3984 ’
339 4015 417 4071 nos
454 3995 497 4066 et
532 3983 845 4095 quinquaginta
882 4009 1023 4064 marce
1060 3983 1096 4064 si
1132 4011 1209 4091 per
1240 3983 1422 4066 eundem
1459 3985 1680 4069 Nicolaum
1712 3971 1915 4095 Syncoyoi
1945 3990 1993 4068 vt

339 4105 596 4213 premittitur
627 4102 761 4186 solute
792 4127 877 4184 non
907 4097 1061 4183 fueri-nt
1089 4101 1353 4214 integraliter
1383 4101 1535 4184 fuerint
1565 4104 1788 4216 persoluta.
1828 4101 2011 4204 Quibus‘

339 4223 522 4310 Centum
554 4219 869 4330 quinquaginta
899 4223 1049 4324 marcis
1081 4221 1225 4308 solutis
1247 4251 1321 4332 per
1341 4249 1417 4308 nos
1438 4221 1506 4306 vel
1526 4250 1792 4308 successores
1826 4231 1990 4306 nostros

338 4341 528 4453 predicte
548 4339 641 4420 ville
658 4341 870 4446 possessio
907 4339 962 4423 ad
998 4367 1075 4424 nos
1105 4351 1148 4423 et
1167 4369 1435 4426 successores
1470 4352 1635 4426 nostros
1670 4341 1823 4424 redibit
1863 4342 1987 4450 pleno
2024 4355 2026 4358 ’

337 4461 441 4547 Jure
462 4455 638 4542 Juribus
659 4457 813 4540 nostris
833 4459 1149 4542 remanentibus
1184 4487 1349 4572 semper
1370 4461 1509 4543 saluis.
1562 4459 1726 4543 Harum
1748 4457 1901 4568 quibus
1924 4458 1988 4544 Si-

338 4579 483 4696 gillum
501 4583 689 4660 nostrum
712 4584 776 4656 est
795 4575 1111 4688 subappensum
1134 4577 1370 4664 testimonio
1390 4580 1633 4661 litterarum.
1664 4575 1825 4660 Datum
1843 4573 1987 4662 Croco-

441 4829 479 4910 p)
501 4827 655 4896 Fortasse
672 4826 749 4892 ville
762 4827 960 4914 parochialis
971 4831 1099 4906 Korion,
1115 4827 1211 4897 hodic
1226 4829 1261 4894 in
1276 4827 1543 4897 Srlralbmiriensi
1557 4829 1690 4917 regione
1705 4831 1779 4898 sita.
