4930 5922
897 715 1342 815 ,fn-

382 941 479 996 eum
498 908 741 998 hominibus
763 907 1036 1017 ascripticijs,
1057 908 1216 994 Lubocc
1239 919 1281 992 st
1296 909 1516 1018 ,domccow
1538 939 1635 994 cum
1655 915 1780 1020 silva,
1802 920 1929 1027 agris,
1949 947 2047 1027 pra·
2107 949 2111 958 ·

380 1035 455 1136 tis,
474 1031 574 1113 lacu
594 1037 638 1109 et
659 1050 811 1134 campo
832 1027 972 1136 agetri
993 1025 1104 1136 (sic),
1129 1027 1325 1140 'pobedaie
1356 1039 1459 1110 vcum
1499 1033 1635 1140 agris,
1657 1032 1786 1136 silua,
1807 1037 1959 1142 pratis,
1981 1048 2047 1122 ta·

380 1151 527 1250 berna,
567 1144 811 1228 molendino
836 1153 879 1224 et
899 1143 1078 1252 stagnis.
1142 1143 1325 1252 Spitoarj
1366 1172 1463 1226 cum
1504 1147 1744 1230 hominibus
1786 1155 2047 1264 ascripticijs,

384 1263 641 1350 Cbranrtoaia
662 1287 759 1343 cum
781 1261 908 1370 agris,
929 1264 1073 1370 pratis,
1093 1261 1285 1364 taberna,
1301 1262 1541 1347 molendino
1561 1275 1604 1346 et
1618 1267 1744 1368 silua,
1761 1267 1928 1350 Ktonoso
1950 1300 2047 1354 cum

385 1383 519 1495 agris,
538 1381 691 1490 pratis,
707 1375 912 1480 taberna,
936 1387 980 1458 et
1000 1377 1117 1484 silua,
1135 1377 1348 1486 Losceyow
1371 1407 1467 1462 cum
1490 1371 1617 1491 agris,
1638 1385 1770 1494 pratis
1794 1395 1838 1466 et
1857 1385 2048 1494 taberna,

377 1499 511 1598 ,Sarte
533 1525 632 1579 cum
653 1497 781 1606 agris,
802 1496 952 1601 pratis,
973 1496 1172 1598 taberna,
1192 1479 1236 1576 et
1255 1478 1520 1600 molendino,
1536 1497 1774 1584 Komeucice
1797 1531 1895 1586 cum
1917 1509 2045 1616 agris,

381 1619 524 1729 pratis,
544 1614 727 1696 taberna
749 1621 791 1694 et
811 1612 1061 1716 molendino,
1080 1611 1278 1700 Polistros
1296 1641 1391 1694 cum
1410 1617 1537 1726 agris,
1553 1619 1699 1724 pratis,
1721 1619 1828 1702 silua
1851 1631 1894 1702 et
1914 1625 2047 1704 omni-

381 1737 464 1820 bus
485 1727 752 1832 utilitatibus,
778 1727 984 1815 Facimus
1005 1758 1101 1812 cum
1121 1727 1318 1834 taberna,
1340 1731 1466 1834 silua,
1487 1737 1625 1842 agris,
1646 1739 1779 1844 pratis
1804 1747 1846 1818 et
1866 1749 2049 1851 utroque

380 1854 520 1936 littore
542 1849 674 1957 Vysle
694 1844 915 1930 choacziu
936 1875 1034 1929 cum
1055 1849 1170 1957 agris
1191 1845 1392 1951 tabernis,
1414 1849 1522 1930 silua
1542 1860 1587 1930 et
1603 1854 1758 1959 pratis,
1780 1853 1927 1936 Rokow
1950 1885 2047 1940 cum

281 2061 289 2068 ,
383 1969 498 2080 agris
518 1965 699 2050 taberna
718 1964 836 2066 silua,
855 1965 987 2072 pratis
1011 1975 1053 2050 et
1073 1961 1255 2076 utroque
1276 1965 1413 2048 littore
1434 1965 1551 2079 fluvij
1575 1964 1728 2081 Seaue,
1757 1971 1930 2053 Machor
1952 2001 2048 2058 cum
2139 2071 2143 2082 ἱ
2168 2005 2172 2014 ·

382 2089 573 2198 taberna,
594 2084 730 2193 agris,
750 2083 903 2188 pratis,
924 2083 1033 2166 silua
1053 2094 1096 2164 et
1116 2091 1308 2193 utroque.
1338 2083 1479 2166 littore
1500 2081 1652 2170 Seaue.
1717 2081 1929 2170 Grauiscae
1950 2119 2049 2178 cum
2193 2153 2197 2162 -

383 2207 510 2317 agris,
531 2204 682 2312 pratis,
697 2199 879 2281 taberna
901 2209 943 2282 et
964 2201 1082 2284 silua.
1138 2199 1313 2283 Grodecz
1335 2227 1434 2282 cum
1454 2199 1589 2310 agris,
1609 2199 1821 2304 tabernis,
1842 2206 2048 2290 molendi-

382 2323 465 2426 nis,
495 2323 628 2422 silua,
650 2327 693 2400 et
712 2319 859 2424 pratis.
923 2319 1042 2402 Mons
1078 2317 1209 2400 sancti
1240 2317 1452 2402 Benedicti
1472 2327 1515 2400 et
1534 2315 1691 2404 Plozow
1725 2347 1823 2401 cum
1858 2322 2047 2428 taberna,

382 2441 539 2552 pratis,
554 2438 661 2519 silua
682 2447 725 2516 et
746 2437 930 2543 stagnis.'
986 2431 1184 2546 Properat
1201 2431 1300 2518 cu'm
1331 2434 1573 2521 bominibus
1610 2436 1864 2546 ascripticijs
1888 2448 2047 2521 etcum

383 2559 510 2646 Visla.
544 2551 695 2638 Beleni
712 2581 810 2634 cum
832 2552 1030 2654 taberna,
1054 2552 1189 2664 ag'ris,
1210 2544 1363 2661 pratis,
1386 2553 1492 2636 silua
1513 2563 1556 2634 et
1576 2553 1723 2647 Wisla.
1766 2549 2049 2664 Crottlcoroicze

383 2705 481 2760 cum
496 2671 755 2770 hominibus,
778 2671 1038 2780 ascripticijs.
1062 2669 1180 2780 Aput
1189 2670 1287 2782 (sic)
1305 2669 1482 2754 Sicinom
1499 2671 1703 2783 sarthago
1724 2695 1801 2779 pro
1817 2673 1904 2754 sale
1923 2673 2051 2757 deco·
2183 2685 2189 2692 '

384 2791 554 2906 quando
578 2797 621 2871 et
640 2797 807 2898 pratum
827 2787 1000 2871 ibidem.
1026 2785 1223 2888 Skormcb,
1270 2789 1415 2870 Vctrno
1432 2813 1535 2900 pora
1565 2819 1592 2872 a
1612 2792 1721 2908 wigo
1760 2789 1875 2871 dicta
1894 2791 1939 2872 in
1958 2790 2048 2874 Lu·
2191 2859 2194 2874 .

381 2909 520 2999 blensi
555 2905 774 3016 provincia
809 2933 906 2988 cum
943 2905 1034 3014 alijs
1072 2904 1368 3016 adjacentibus
1405 2905 1713 2990 hereditatibus
1747 2935 1843 2990 cum
1870 2903 2048 3017 'Woysia

382 3026 573 3128 Recicza,
614 3019 784 3134 Crompo
807 3033 849 3104 et
870 3018 1062 3106 Jovorecz
1093 3024 1210 3136 (cum
1230 3023 1431 3135 utroque)
1453 3023 1593 3109 littore
1614 3023 1728 3107 Visis
1749 3035 1793 3106 et
1813 3047 1910 3108 cum
1927 3027 2051 3108 'clau-

382 3140 489 3232 suris
511 3143 567 3226 ad
586 3141 860 3256 piscandum,
904 3169 1000 3224 cum
1023 3141 1261 3242 castoribus
1284 3149 1446 3226 etcum
1467 3143 1646 3256 stagnis,
1679 3141 1839 3225 Jocsici
1856 3169 1954 3226 cum
1973 3143 2052 3226 ho-

382 3263 567 3346 minibus
588 3259 852 3368 ascripticijs,
874 3287 971 3342 cum
992 3259 1121 3369 agris,
1142 3257 1345 3363 tabernis,
1366 3261 1474 3344 silua
1495 3269 1539 3344 et
1558 3259 1662 3346 foro.
1701 3254 1703 3262 ’
1724 3259 1784 3345 Ut
1804 3271 1947 3344 autem
1969 3261 2050 3344 hec

382 3391 527 3463 nostra
564 3379 742 3462 donacio
766 3387 808 3458 et
828 3377 1097 3462 confirmacio
1120 3379 1234 3490 apud
1254 3385 1448 3490 posteros
1468 3379 1598 3464 robur
1620 3377 1811 3464 obtineat
1844 3389 2050 3486 perpetue

383 3497 606 3601 firmitatis,
626 3503 867 3604 presentem
886 3497 1091 3604 paginam
1111 3495 1167 3578 ad
1186 3505 1439 3604 perpetuam
1458 3497 1706 3584 memoriam
1720 3487 1899 3578 fecimus
1917 3497 2051 3578 nostri

382 3614 511 3726 sigilli
529 3614 758 3698 munimine
777 3613 978 3721 roborarj.
1028 3613 1072 3698 si
1092 3614 1186 3723 quis
1207 3637 1309 3695 vero
1344 3623 1583 3698 nostrorum
1619 3639 1918 3696 successorum
1938 3611 2051 3694 hanc
2128 3703 2134 3714 ,

382 3749 527 3818 nostre
569 3731 827 3844 donacionis¹
852 3732 1058 3842 paginam
1079 3756 1188 3813 ausu
1207 3731 1429 3824 temerario
1451 3731 1759 3840 presumpserit
1778 3729 1955 3834 violare,
1977 3739 2052 3812 aut

383 3853 422 3933 ei
441 3849 487 3934 in
508 3851 649 3962 aliquo
672 3850 911 3952 contraire,
923 3853 968 3930 in
988 3849 1142 3932 nostris
1165 3847 1328 3930 delictis
1350 3857 1394 3928 et
1414 3847 1670 3951 commissis,
1686 3876 1762 3956 pro
1785 3867 1970 3960 quorum
1986 3849 2051 3930 in·

384 3969 611 4080 dulgencia
632 3969 713 4050 hec
734 3966 912 4049 fecimus
934 3976 1034 4049 ante
1056 3967 1293 4048 districtum
1306 3965 1498 4074 judicem
1519 3993 1616 4057 reus
1637 3975 1845 4049 teneatur.
1893 3965 2051 4048 Actum

382 4086 553 4194 publice
573 4087 617 4168 in
642 4081 800 4168 Corczc'n
831 4111 942 4168 anno
974 4085 1283 4167 incarnacionis
1306 4084 1466 4165 domini
1486 4085 1619 4168 nostri
1653 4085 1873 4172 millesimo
1892 4085 2051 4165 ducen-

383 4205 556 4288 tessimo
597 4203 954 4313 quinquagesimo
1008 4213 1140 4285 sexto.
1202 4201 1478 4284 Presentibus
1520 4201 1601 4310 hijs
1642 4199 1844 4301 testibus,
1898 4201 2052 4282 comite

343 4353 348 4360 ¹
382 4318 523 4402 Adam
561 4319 804 4404 Oastellano
842 4319 1136 4422 Oracoviensi,
1173 4318 1339 4402 Gemite
1367 4317 1543 4403 Nicolao
1564 4321 1752 4427 palatino
1769 4314 2050 4426 cracoviensi,

385 4437 556 4523 domino
578 4437 746 4521 bricone
768 4437 1017 4520 cancellario
1038 4446 1204 4539 nostre,
1226 4433 1393 4520 Comite
1424 4435 1641 4545 Boguslao
1674 4433 1917 4520 Castellano
1941 4431 2052 4517 San-

385 4555 646 4661 domiriensi3
667 4554 832 4639 OOmite
854 4553 1033 4666 Bogusa
1053 4555 1282 4638 castellano
1299 4553 1545 4655 visliciensi,
1561 4551 1727 4636 Oomite
1744 4531 1948 4660 Wo'yslao
1961 4552 2053 4637 Oa·
2072 4657 2076 4664 .

383 4671 560 4756 stellano
584 4673 638 4756 de
658 4671 927 4784 Malogoscz,
950 4675 1104 4758 comite
1125 4671 1344 4758 Dobeslao
1366 4669 1595 4754 castellano
1619 4669 1672 4752 de
1693 4669 1956 4771 Zawichost,
1978 4700 2052 4756 co·
2113 4717 2116 4724 ·
2170 4699 2173 4714 ·
