4856 5932
2045 576 2154 686 R

1009 719 1060 740 -
1110 683 1188 762 379
1239 721 1287 742 «-

320 899 523 1014 Episcopi
543 899 839 988 Oracouiensis
860 901 1001 1015 Regni
1020 903 1192 990 Polonie
1215 903 1440 1016 Suppremi
1461 903 1710 1018 Oancellarij
1737 917 1781 1010 et
1798 688 2075 1116 renep>gs

319 1020 415 1106 bilis
435 1019 594 1130 Donijn
616 1019 768 1106 decani
789 1020 1084 1108 Oracouiensis
1100 1023 1249 1137 ‘Regni
1280 1024 1477 1132 eiusdem⁴
1497 1025 1830 1138 vicecancellarij
1853 1057 1908 1117 no
1940 1033 1976 1116 is

321 1141 483 1225 sincere
505 1139 766 1226 dilectorum.

341 1303 344 1308 ·
425 1258 600 1347 Relatio
622 1259 810 1343 eiusdem
832 1259 987 1345 domini
1011 1261 1153 1371 donijn
1176 1260 1649 1379 decani·Oracouiensis
1679 1261 1821 1380 Regni
1853 1266 1977 1354 Polo-

322 1379 391 1466 nie
410 1378 756 1490 vicecancellarij.

1048 1702 1241 1820 cxciv.

552 1956 1003 2042 sandomirice-
1013 1959 1106 2044 die
1129 1957 1168 2046 2
1192 1959 1389 2046 Martii
1411 1961 1566 2118 142⁰
1583 1979 1749 2047 meno.

297 2265 301 2274 .
321 2195 615 2314 vladislaus
637 2196 703 2270 nex
724 2195 864 2270 Polonn
877 2195 970 2272 robii
979 2197 1175 2374 {affl
1183 2197 1430 2384 Sapeppmta
1449 2198 1519 2272 ber
1538 2201 1632 2274 rests
1646 2201 1680 2274 ct
1693 2198 1791 2274 silves
1810 2198 1851 2276 nl
1879 2201 1977 2278 loerr-

660 2347 664 2356 .
999 2315 1037 2372 rr
1089 2373 1093 2383 ,
1175 2317 1233 2375 ora
1309 2348 1317 2366 ·
1877 2329 1879 2336 ·

328 2598 331 2610 ,
420 2509 473 2604 In
492 2509 660 2595 nomine
683 2503 839 2593 domini
859 2534 995 2592 amen.
1027 2507 1096 2594 Ad
1116 2517 1364 2620 perpetuam
1385 2505 1447 2593 rei
1461 2510 1718 2595 memoriam.
1742 2507 1851 2596 Oum
1866 2511 1974 2596 inter

321 2629 506 2714 humane
527 2638 673 2712 nature
695 2623 874 2714 comoda
895 2626 1022 2713 nichil
1043 2625 1211 2741 dignius
1232 2627 1434 2714 memoria
1463 2627 1683 2736 habeatur,
1719 2625 1973 2740 oportunum

319 2747 471 2852 existit,
492 2756 542 2832 ut
562 2756 681 2831 actus
703 2745 919 2862 hominum
938 2747 1154 2831 literarum
1192 2743 1383 2859 apicibus
1415 2755 1458 2829 et
1488 2749 1658 2832 testium
1694 2749 1974 2835 cunctacione

316 2868 641 2980 perhennentrrr3
663 2895 717 2950 ne
738 2865 863 2979 lapsu
882 2867 1083 2978 temporis
1108 2875 1376 2954 euanescant.
1416 2865 1598 2951 Proinde
1618 2893 1695 2952 nos
1717 2865 1974 2956 Wladislaus

317 2986 386 3070 dei
405 2988 554 3100 gracia
573 2987 666 3072 Rex
685 2985 972 3090 Polonie,.nec
993 3016 1079 3074 non
1099 2996 1303 3072 terrarum
1333 2985 1553 3092 Oraeouie,
1590 2982 1868 3092 Sahdomirie,
1891 2985 1973 3100 Sy·

315 3105 446 3210 radia,
467 3105 679 3210 Lancicie,
703 3106 909 3218 Ouyauie,
930 3105 1270 3216 Lythwanieque
1290 3105 1494 3216 Princeps
1517 3132 1750 3214 supremus,
1771 3106 1974 3193 Pomera·

315 3225 395 3328 nie,
416 3224 653 3339 Russieque
677 3225 869 3310 dominus
902 3235 944 3310 et
964 3224 1088 3310 heres
1106 3233 1186 3310 etc.
1210 3223 1509 3338 significamus
1531 3233 1678 3309 tenore
1694 3227 1974 3336 presencium,

316 3341 472 3456 quibus
493 3344 664 3455 expedit
682 3345 887 3430 universis
908 3343 1176 3455 presentibus
1213 3353 1257 3428 et
1277 3343 1441 3450 futuris,
1475 3345 1741 3453 presencium
1769 3346 1971 3430 noticiam

315 3460 534 3548 habituris.
547 3460 769 3564 Quomodo
783 3465 999 3574 cupientes
1020 3465 1212 3550 locorum
1231 3475 1448 3550 vastorum
1468 3463 1609 3578 Regni
1630 3465 1761 3549 nostri
1782 3463 1972 3550 solitudi-

314 3609 390 3666 nes
411 3584 454 3666 in
473 3609 575 3666 usus
596 3581 809 3666 uberiores
827 3593 870 3666 et
883 3583 927 3665 in
940 3583 1127 3667 debitam
1143 3611 1339 3696 agrorum
1358 3581 1563 3667 culturam
1574 3583 1788 3688 reducere,
1805 3591 1848 3664 et
1862 3581 1975 3668 fruc-

314 3715 384 3785 tus
405 3697 596 3788 thezauri
615 3701 746 3787 nostri
766 3699 941 3786 feliciter
963 3703 1191 3813 adaugere,
1215 3711 1263 3784 ut
1283 3712 1473 3812 tempore
1495 3702 1626 3785 nostri
1647 3699 1779 3784 felicis
1799 3703 1972 3814 regimi-

314 3823 379 3905 nis
402 3823 581 3934 amplius
604 3821 767 3906 dilatari
787 3819 940 3926 ualeat,
962 3831 1006 3906 et
1027 3821 1243 3906 hominum
1281 3822 1595 3908 conuocacione
1625 3817 1764 3904 felicia
1783 3825 1970 3931 recipere

315 3941 597 4046 incrementa,
638 3951 799 4024 attente
835 3943 987 4025 mentis
1018 3943 1174 4025 intuitu
1203 3939 1515 4051 perpendentes
1553 3949 1675 4054 grate
1716 3949 1758 4023 et
1792 3939 1972 4026 multum

228 4122 240 4146 .
315 4070 492 4170 accepte
512 4059 729 4146 fidelitatis
752 4061 942 4156 studiosa
964 4059 1191 4172 obsequia,
1213 4059 1369 4173 quibus
1390 4059 1553 4146 Nobilis
1583 4053 1748 4144 Zolclioa
1770 4059 1816 4142 de
1838 4057 1973 4144 Szcze-

316 4180 522 4270 corzowice
545 4177 843 4266 Cubicularius
864 4193 1008 4266 noster
1023 4179 1156 4268 fidelis
1180 4178 1373 4264 dilectus.
1398 4181 1567 4264 culmini
1598 4187 1742 4268 nostro
1775 4177 1972 4289 multipli-

422 4415 460 4497 (1)
483 4413 536 4478 Ex
552 4415 600 4481 ori
628 4411 704 4479 'nali
719 4413 832 4481 tabula
854 4413 1067 4485 illustrissimi
1092 4413 1264 4483 Eustachii
1290 4415 1463 4503 Marylscii
1500 4415 1645 4503 propria,
1676 4434 1772 4499 quem
1799 4411 1970 4482 nobiscum

316 4498 570 4567 communicavit
594 4499 606 4562 i
631 4497 832 4566 ustrissimns
846 4499 1038 4568 Ludouicus
1055 4499 1188 4568 Gorski.

336 4575 341 4588 ’
418 4581 649 4671 Apographon
674 4593 823 4650 nostrum
851 4585 1024 4685 descripsit
1051 4585 1217 4652 Antonius
1243 4584 1485 4652 Muczkowski.
1520 4581 1670 4670 Sigillum
1698 4582 1816 4660 minus,
1847 4583 1972 4670 effigies

315 4692 394 4738 vero
410 4671 480 4769 ejus
495 4671 529 4736 in
547 4691 646 4756 opere
662 4667 891 4735 collectionem
903 4673 1025 4756 jurium
1040 4677 1073 4734 ct
1087 4668 1197 4758 legum
1212 4669 1259 4736 M.
1272 4670 1315 4734 D.
1336 4668 1532 4736 Lithuaniac
1556 4671 1590 4732 in
1617 4691 1651 4734 se
1678 4667 1865 4766 continente
1880 4677 1913 4734 et
1928 4667 1970 4734 ab

313 4753 533 4822 illustrissimo
549 4765 582 4821 et
597 4751 787 4820 doctissimo
805 4753 923 4820 comite
939 4753 1241 4841 TitoDzialyriscio
1257 4751 1658 4830 liurnioensifflosnaniae
1674 4751 1772 4821 edito:
1785 4751 1870 4820 conl.
1883 4755 1970 4840 ejus·

291 4929 295 4936 Ι
316 4839 390 4907 dem
407 4840 516 4928 operis
531 4840 686 4928 paginam
702 4837 842 4918 lV·tam‚
859 4839 1000 4926 sigillum
1016 4862 1036 4905 a
1050 4839 1164 4906 dextra
1178 4847 1272 4926 parte
1289 4838 1466 4927 depictum.

1703 4941 1763 5006 48*
