4856 5932
1034 679 1294 754 „443-

343 879 689 995 quibuscumque
709 882 829 966 terris
850 881 1087 966 constitutis
1118 881 1369 966 mandamus
1404 877 1677 964 noxiosissimo
1711 883 1982 995 precipiendo

340 1009 551 1114 quatenus
570 999 779 1114 prefatum
798 999 1045 1086 Michaelem
1066 999 1282 1086 Abbatem
1300 1029 1350 1084 ac
1372 999 1460 1082 eius
1477 1019 1743 1085 successores
1759 1000 1995 1114 totumque'
2054 1001 2058 1008 ⁴

341 1131 598 1206 conuentum
617 1121 858 1206 monasterii
877 1118 1066 1229 predicti,
1098 1120 1276 1230 eiusque
1310 1118 1547 1222 Ometirnes,
1579 1119 1783 1236 homines,
1817 1123 1994 1231 incolas,

341 1247 386 1322 et
405 1265 675 1353 quocumque
696 1241 821 1326 modo
842 1240 1038 1324 subditos
1059 1240 1243 1344 uisitare,
1264 1239 1461 1342 iudicare,
1483 1239 1642 1346 cittare,
1664 1248 1707 1322 et
1726 1245 1995 1350 procuracio-
2130 1325 2132 1330 ,

234 1385 238 1395 ·
341 1385 416 1442 nes
438 1366 688 1472 extorquere
707 1359 823 1467 nulla
840 1361 1010 1445 racione
1027 1360 1308 1468 presumatis,
1338 1365 1465 1468 prout
1494 1359 1719 1444 maximam
1739 1361 1782 1442 in
1801 1387 1878 1444 uos
1900 1364 1993 1446 uin-

332 1476 499 1570 dictam
520 1480 671 1589 cupitis
693 1480 864 1562 euitare.
898 1476 945 1563 Si
965 1479 1041 1587 qui
1060 1505 1162 1564 uero
1198 1477 1442 1562 cmethones
1479 1489 1522 1559 et
1553 1477 1711 1561 subditi
1746 1478 1915 1565 abbatis
1951 1491 1995 1566 ct

343 1607 577 1684 conuentus
594 1692 599 1703 Ι
618 1595 874 1684 videbuntur
895 1623 990 1680 esse
1010 1595 1199 1702 infames,
1221 1599 1357 1681 autin
1378 1597 1520 1707 aliquo
1549 1598 1659 1682 uicio
1682 1599 1883 1684 criminali
1903 1627 1998 1686 sus·

342 1719 470 1826 pecti,
490 1719 605 1828 ipsos
623 1725 697 1800 out
718 1717 901 1828 aliquem
922 1717 1062 1800 taliter
1084 1718 1136 1800 de
1159 1717 1300 1828 aliquo
1323 1716 1491 1798 crimine
1513 1715 1773 1823 infamatum,
1794 1735 1996 1828 procura-

341 1837 422 1920 tori
443 1845 486 1918 ct
504 1838 712 1921 tenutario
734 1835 940 1930 bonorum
963 1835 1205 1920 eorumdem
1227 1835 1488 1936 denuncietis
1526 1846 1568 1919 et
1589 1839 1798 1921 accusetis
1817 1840 1997 1949 punien-

209 2045 213 2054 ,
344 1955 457 2058 dum,
479 1957 553 2064 qui
572 1956 689 2040 iuxta
710 1955 951 2050 huiusmodi
973 1955 1113 2040 delicti
1136 1955 1396 2068 exigenciam
1434 1953 1598 2066 absque
1632 1965 1776 2041 uestra
1812 1965 1855 2040 et
1875 1960 1995 2044 cuius

242 2135 248 2146 ·
339 2072 445 2158 libet
464 2083 653 2159 vestrum
672 2075 895 2186 presencia
917 2101 988 2160 eos
1008 2075 1206 2179 iudicare,
1241 2074 1390 2185 punire
1426 2083 1469 2156 et
1503 2075 1762 2158 sentenciare
1798 2083 1994 2170 tenentu'r

341 2193 576 2278 secundum
596 2194 768 2278 modum
790 2204 832 2276 ct
851 2202 1040 2278 tenorem
1073 2193 1306 2286 litterarum
1343 2201 1386 2276 et
1405 2193 1719 2308 priuilegiorum
1757 2196 1869 2280 dicto
1905 2223 1995 2280 mo·-

232 2297 241 2318 ’
342 2315 527 2397 nastcrio
549 2341 860 2448 concessorum3
893 2314 928 2394 si
950 2313 1054 2424 quid
1075 2321 1219 2396 autern
1237 2321 1383 2398 contra
1402 2313 1606 2421 premissa
1627 2321 1879 2432 attentatum
1901 2313 1995 2399 fue·

342 2433 397 2516 rit
417 2433 461 2515 id
481 2441 618 2518 totum
639 2437 807 2516 cassum
830 2433 903 2515 et
892 2459 1016 2514 mane
1036 2432 1229 2517 uolumus
1249 2433 1446 2544 reputari.
1490 2429 1572 2516 Oet
1554 2440 1688 2516 terum
1712 2433 1798 2516 dict
1780 2443 1823 2518 to
1846 2434 1994 2519 abbati
2096 2519 2102 2530 ,

343 2559 386 2632 et
405 2553 491 2635 suis
513 2550 829 2650 successoribus
851 2553 1016 2659 totique
1039 2552 1267 2636 conuentni
1302 2580 1353 2635 ac
1387 2551 1579 2637 omnibus
1616 2563 1660 2634 et
1686 2552 1893 2665 singulis
1881 2579 1996 2664 ipso-

341 2699 435 2754 rum
457 2671 691 2780 oppidanis,
712 2699 803 2753 ome
806 2667 988 2774 renibus,
1009 2671 1185 2773 niliacis,
1208 2669 1425 2772 stimolis,
1449 2697 1499 2754 ex
1521 2679 1665 2755 nostra
1701 2673 1874 2782 speciali
1895 2701 1996 2787 gra·

346 2791 423 2894 oia,
445 2817 573 2900 quam
596 2791 753 2874 dictum
785 2791 1083 2876 monasterium
1126 2791 1312 2928 gerimus
1349 2787 1620 2874 concedimus
1663 2797 1707 2873 et
1748 2791 1895 2876 damus
1918 2819 1996 2876 no·

345 2919 476 2994 stram
496 2909 703 3023 Regalem
724 2907 854 2994 forest
837 2919 924 2994 tam
946 2909 1047 2993 alias
1084 2906 1265 2992 odorat
1231 2939 1246 2990 1
1248 2917 1335 2991 am
1360 2905 1456 3022 (sic)
1481 2907 1646 2991 dumet
1668 2912 1842 3018 quando
1862 2939 1996 3024 pacu-

235 3099 239 3107 .
344 3031 433 3132 des,
455 3037 497 3113 et
526 3057 683 3140 pecora
718 3039 893 3114 autres
932 3029 1035 3112 alias
1072 3031 1118 3112 in
1158 3029 1245 3110 auis
1287 3027 1449 3112 damnis
1480 3029 1719 3136 receperint
1756 3040 1800 3114 et
1838 3041 1999 3117 aresta·
2062 3071 2066 3082 ·

340 3152 489 3255 norint,
513 3178 563 3232 ea
585 3151 640 3234 ad
662 3151 820 3234 curiam
840 3148 1024 3231 uicinam
1060 3149 1163 3230 dicti
1194 3146 1332 3232 damni
1363 3143 1619 3346 prefatorum
1642 3145 1810 3233 abbatis
1833 3163 1875 3235 et
1895 3177 1997 3237 con·

323 3277 495 3352 ‘uentus
530 3269 685 3388 pellere
722 3277 764 3350 et
746 3267 885 3352 tdarc
922 3267 1084 3376 possint
1120 3293 1170 3350 co
1199 3267 1289 3350 iure
1312 3291 1397 3377 quo
1419 3267 1475 3349 ad
1496 3273 1589 3348 cast
1590 3295 1638 3350 ra
1673 3277 1818 3353 nostra
1853 3271 1997 3354 uicina

343 3386 444 3498 pelli
465 3395 507 3470 et
528 3377 618 3470 dari
647 3385 862 3470 deberent.
918 3385 1125 3470 Datum
1113 3414 1157 3467 m
1192 3383 1423 3470 Pr'otrlcoua
1439 3383 1568 3468 feria·
1573 3387 1767 3472 secunda
1807 3389 1997 3498 proxima

344 3513 443 3619 post
484 3505 637 3592 festum
678 3505 815 3590 sancti
783 3504 963 3589 tLuoe
996 3504 1281 3616 euangeliste‚
1319 3533 1429 3589 anno
1460 3504 1677 3590 millesimo
1709 3506 1996 3630 quadringen-

344 3629 495 3713 tesimo
527 3625 790 3738 sexagesimo
813 3632 976 3738 quarto,
1007 3623 1145 3735 sigillo
1167 3633 1311 3776 nostro
1333 3622 1617 3734 subopppnso.

1013 3854 1142 3942 Ad
1186 3791 1437 3944 relacionem
1483 3859 1721 3946 Reuerendi
1755 3861 1887 3972 patris
1923 3859 1999 3945 do-

1024 3980 1127 4064 mini
1157 3977 1335 4065 Joonnis
1358 3979 1426 4064 dei
1447 3981 1592 4091 gracia
1607 3979 1808 4091 Episcopi
1840 3977 1999 4066 Oraco·

1011 4099 1183 4182 niensis
1205 4098 1405 4210 postulati
1425 4097 1689 4188 Gneznensie
1711 4095 1851 4216 Regni
1871 4095 1997 4184 Polo·
2023 4209 2031 4221 Ι

1028 4221 1094 4304 nie
1117 4216 1377 4304 Oaneeflarii.
1566 4239 1570 4250 ·
