4952 5926
1111 733 1336 803 ...5ss

391 931 434 1016 vi
457 940 500 1014 et
518 928 643 1014 Beati
665 925 696 1010 J
699 953 847 1011 oannis
858 925 1111 1035 Baptistae
1099 958 1143 1008 m
1165 927 1306 1039 aliquo
1327 931 1740 1037 praenominatorum
1751 935 2052 1040 locorum,1am

393 1049 552 1132 dudum
571 1075 640 1130 me
662 1055 1001 1130 constructurum
1023 1047 1291 1150 devoveram,
1324 1047 1442 1157 quod
1462 1057 1605 1129 tamen
1636 1051 1895 1136 vanitatibus
1927 1056 2050 1136 huius

392 1165 551 1250 soeculi
572 1166 767 1246 detentus
790 1163 890 1244 dum
910 1162 1150 1244 faceret
1072 1173 1150 1270 pot
1150 1163 1204 1264 ui,
1224 1173 1430 1271 peccator
1461 1192 1548 1248 non
1579 1163 1672 1270 feci,
1705 1171 1760 1251 ad
1791 1172 1873 1254 hoc
1905 1179 2053 1255 votum

396 1283 708 1391 complendum,
741 1280 853 1362 addo
878 1279 1080 1365 Castores
1102 1281 1152 1362 ds
1177 1277 1375 1390 Metopoat
1392 1290 1436 1362 at
1456 1283 1508 1364 de
1528 1279 1711 1420 Kasp).
1754 1287 1834 1369 His
1857 1288 2052 1372 omnibus
2225 1371 2231 1394 ,

393 1403 520 1499 etiam
542 1399 654 1483 addo
675 1397 731 1478 ad
751 1396 1062 1478 inserviendum
1082 1395 1262 1504 praefati
1284 1395 1519 1505 Hospitalis
1540 1402 1719 1496 rusticos
1751 1405 1824 1514 qui
1856 1405 2051 1514 aliquan·
2101 1461 2102 1466 κ
2154 1409 2176 1428 “’
2237 1415 2246 1447 “·

396 1517 451 1602 do
474 1517 623 1599 decem
645 1516 794 1597 erant
782 1543 826 1594 ιιι
849 1508 1018 1598 Carober
1043 1510 1111 1626 (Ἥ)
1142 1539 1250 1624 quos
1286 1511 1369 1596 frat
1351 1523 1415 1596 ter
1435 1543 1554 1596 meus
1591 1517 1690 1599 Dux
1724 1519 1944 1605 Boleslaus
1976 1523 2051 1604 ali·

390 1637 563 1746 quando
585 1633 872 1715 transmiserat
888 1630 1187 1733 inaOuiaviam3
1210 1631 1287 1712 sed
1309 1631 1481 1716 eosdem
1504 1635 1734 1743 etlam1pso
1751 1640 2049 1724 concedendos

392 1755 436 1833 in
464 1753 729 1860 praedictam
739 1747 895 1885 ,deost
923 1749 1093 1851 reduxi,
1123 1747 1282 1831 ibidem
1312 1759 1518 1857 perpetuo
1548 1779 1828 1857 remansuros,
1870 1784 2050 1865 quorum

389 1869 498 1952 haec
519 1883 625 1950 sunt
637 1868 817 1950 nomina
861 1863 943 1946 Sur
975 1873 1019 1948 et
1045 1863 1175 1948 frater
1210 1867 1300 1946 eius
1336 1864 1516 1969 Vuoian,
1546 1867 1726 1972 Minslin,
1761 1871 1920 1976 Oueek,
1952 1903 2050 1956 cum

388 1980 518 2068 fratre
538 1986 709 2068 nomine
729 1981 874 2064 Zawid
878 1979 1203 2116 ,Dobrotyech,
1224 1981 1458 2085 Sedebam,
1480 1983 1655 2121 Saurea,
1677 1985 1855 2091 Goiissa,
1876 1989 2051 2075 Bambi-

391 2131 455 2186 ca.
487 2102 624 2210 Adij
589 2127 655 2184 cro
676 2079 850 2211 quoque
870 2099 962 2181 istis
985 2101 1180 2186 omnibus
1203 2099 1386 2182 artifices
1398 2127 1517 2184 moos
1527 2131 1572 2182 ιιι
1583 2103 1775 2210 praefata
1786 2104 2050 2215 Zepostcon

336 2306 343 2320 ‚
391 2223 447 2303 sis
450 2229 600 2322 tentes,
621 2245 803 2329 quorum
822 2217 931 2298 haec
952 2219 1052 2298 sunt
1071 2218 1244 2302 nomina
1263 2215 1427 2298 Bliszus
1449 2228 1491 2300 et
1509 2218 1688 2302 frater
1654 2247 1742 2302 erus
1758 2220 1941 2326 Scarbia,
1962 2224 2049 2308 Ra·

393 2339 477 2422 don
501 2347 544 2419 et
565 2335 772 2420 Srdiziaw.
804 2333 898 2416 Hos
920 2361 1066 2417 omnes
1096 2333 1441 2444 praenominatos
1473 2365 1571 2418 cum
1602 2339 1849 2446 supradicta
1877 2366 2049 2446 posses·

397 2459 514 2540 sione
537 2457 598 2564 do·
612 2453 833 2562 praedicto
864 2451 1080 2560 Hospitali·
1107 2452 1494 2557 Hierosolimitano,
1527 2483 1624 2536 cum
1657 2456 1770 2540 omni
1800 2457 2050 2563 posteritate

249 2615 281 2673 .‘
391 2597 480 2676 sua,
509 2576 555 2654 in
572 2577 824 2680 perpetuum
838 2569 933 2676 jura
953 2570 1236 2654 haereditario
1267 2567 1399 2650 libere
1426 2573 1708 2678 possidendos
1738 2573 1799 2652 ita
1829 2583 1971 2654 tamen
2002 2583 2050 2658 ut

391 2691 626 2798 praetexati
648 2686 862 2789 officiales,
894 2687 939 2768 in
968 2689 1054 2770 suis
1077 2688 1226 2772 officiis
1247 2688 1446 2770 seruiunt.
1483 2685 1710 2770 Gbrobrium
1730 2699 1898 2774 verost
1918 2690 2050 2774 artifi·
2153 2735 2166 2750 -·

389 2834 460 2890 ces
471 2806 823 2891 morediberorum
834 2804 1049 2912 hospitum
1058 2833 1277 2916 nunquam
1288 2814 1469 2914 tamena
1478 2805 2050 2914 praedictapossessionere·

390 2925 564 3008 cessuri.
598 2924 660 3007 Ut
678 2931 820 3004 autem
841 2923 947 3004 haec
968 2951 1065 3004 mea
1084 2923 1253 3033 largitio
1284 2923 1542 3030 saepedicto
1562 2923 1777 3032 Hospitali
1799 2923 1842 3008 S.
1866 2923 2048 3008 Joannis

389 3045 433 3125 in
453 3050 706 3152 perpetuum
726 3043 848 3124 firma
870 3049 913 3121 et
931 3038 1091 3122 illibata
1119 3047 1370 3150 permaneat
1402 3039 1536 3151 sigilli
1556 3042 1640 3126 mei
1657 3041 1933 3148 impressione
1956 3072 2050 3136 eam

287 3255 291 3261 ¹
389 3159 684 3245 corroboroet
705 3157 922 3244 confirmo
962 3157 1170 3242 Dominus
1201 3186 1303 3242 vero
1335 3185 1454 3242 meos
1488 3157 1639 3240 fratres
1672 3157 1831 3242 scilicet
1814 3161 2049 3244 tseniores

386 3275 628 3362 Boleslaum
652 3285 783 3386 atque
799 3274 1045 3359 Mesconem
1060 3277 1169 3356 sicut
1184 3283 1228 3356 et
1241 3274 1412 3358 fratem
1421 3303 1563 3396 meum
1572 3276 1784 3389 juniorem
1796 3276 2049 3361 Oasimirnm

391 3421 621 3503 eorumque
633 3403 768 3476 totam
784 3395 1077 3499 posteritatem
1086 3393 1332 3501 supplrcrter
1341 3421 1450 3503 rogo
1469 3405 1513 3478 et
1527 3377 1722 3477 obnixius
1738 3393 1917 3478 obsecro
1940 3421 2047 3504 qua·

387 3523 512 3595 tenus
547 3511 726 3590 eandem
756 3509 1059 3593 Elemosinarn
1073 3513 1213 3594 meam
1245 3537 1376 3620 saepe
1408 3521 1640 3596 memorato
1671 3511 1884 3619 Hospitali
1918 3537 2049 3593 causa

388 3630 474 3712 Dei
491 3627 562 3712 ob
562 3627 855 3710 remissionem
879 3637 1156 3734 peccatorum
1186 3654 1358 3710 suorum
1372 3629 1415 3709 in
1433 3656 1485 3710 ea
1498 3628 1692 3710 libertate
1720 3656 1808 3736 qua
1845 3653 1937 3708 eam
1957 3635 2044 3710 tra·

389 3749 457 3850 do,
477 3747 682 3828 studeant
703 3770 969 3881 conseruare,
987 3774 1045 3827 ne
1065 3744 1266 3829 videlicet
1284 3743 1393 3828 infra
1411 3745 1614 3828 terminos
1648 3769 1757 3854 quos
1788 3743 1947 3827 ibidem
1977 3773 2045 3828 me

385 3865 559 3948 iubente
595 3861 737 3969 posuit
720 3861 916 3944 tPetrus
947 3859 1200 3946 Bozenovriz
1233 3861 1384 3974 aliquis
1416 3862 1648 3973 quicquam
1688 3862 1864 3942 iniuriae
1895 3860 2073 3948 inferre·

389 3994 520 4094 queat
556 3989 598 4062 et
619 3981 808 4061 eiusdem
837 3979 1021 4088 praefati
1048 3981 1132 4064 loci
1161 3980 1352 4064 homines
1382 3980 1484 4061 nulli
1513 3980 1791 4064 iurisdictioni
1820 3979 2047 4070 Polonicae

388 4097 649 4201 subiaceant,
675 4107 827 4206 except
830 4125 854 4181 o
877 4097 1047 4182 servitio
1070 4124 1156 4210 quo
1177 4095 1375 4180 fratribus
1397 4089 1631 4208 Hospitalis
1650 4095 1919 4180 tenebuntur.
1961 4093 2050 4176 Τιι-

389 4217 584 4300 bemario
614 4217 744 4298 etiam
765 4243 894 4324 quem
914 4217 975 4294 in
973 4211 1138 4298 Ceebow
1152 4215 1447 4320 ordinaverint,
1478 4213 1616 4298 nullus
1632 4213 2054 4323 iciusiomabquam

349 4335 688 4442 -adangariam
705 4331 855 4414 inferre
870 4343 1126 4440 praesumat.
1145 4329 1401 4442 Quicunque
1418 4342 1559 4414 autem
1577 4333 1736 4445 aliquid
1752 4333 1901 4414 horum
1917 4329 2049 4414 viola·

387 4479 434 4536 re
454 4461 498 4534 at
501 4461 571 4532 ent
481 4453 706 4584 ttaverit
732 4447 975 4532 Anathema
995 4449 1060 4534 sit.
1083 4449 1235 4534 Amen.
1258 4447 1410 4532 Amen.
1431 4447 1582 4534 Amen.
2048 4501 2051 4508 ·

2210 4203 2277 4224 υθ-

486 4685 530 4764 (ι)
552 4681 754 4770 Metoposzrz,
770 4679 870 4746 hodie
887 4679 1068 4766 oppidum'
1059 4702 1094 4746 ιιι
1110 4704 1168 4745 reo
1147 4681 1252 4768 t,ione
1263 4679 1443 4758 Kielcensi,
1460 4681 1548 4764 Kire,
1564 4678 1605 4744 de
1621 4677 1709 4761 quali
1730 4677 1811 4744 villa
1821 4677 1885 4746 huc
1908 4658 2048 4761 mentio?

384 4767 682 4932 neseiprepsbhwbe,
698 4871 784 4914 nunc
802 4849 839 4915 C,
837 4853 947 4968 mh„
960 4849 1039 4914 ,illa
1053 4797 1265 4935 paroehialis,
1281 4847 1430 4932 regionis
1446 4845 1746 4915 Szkalbmiriensis.
