4890 5924
913 803 920 828 l
1030 745 1077 765 -
1130 711 1205 790 m
1258 745 1305 766 -

204 1013 209 1020 ⁵
332 909 498 996 dabunt
516 908 681 1018 velprc
702 906 896 1019 quelibet
930 907 1115 992 Prandio
1139 936 1227 1019 'per
1257 935 1333 991 sex
1363 916 1505 993 scotos
1542 933 1784 1018 grossorum
1821 904 1998 1018 solvent

330 1053 599 1112 removemus
636 1051 824 1136 namque
845 1025 1004 1108 ibidem
1025 1026 1166 1109 omnia
1186 1023 1296 1110 dura
1315 1025 1591 1128 Polcnicalia,
1626 1025 1839 1136 Augurius
1862 1039 1905 1112 et
1923 1058 1999 1140 pe·

331 1145 553 1254 rangerius
597 1135 937 1253 qualescunque}
965 1131 1028 1224 ita
1050 1143 1167 1252 quod
1209 1142 1468 1228 Omethenes
1511 1136 1648 1225 dictae
1686 1141 1818 1226 Villae
1856 1173 1998 1230 coram

209 1280 210 1283 ‘
331 1261 448 1346 nulle
485 1258 658 1344 dudicio
693 1259 922 1345 Polcnicali
955 1259 1212 1370 respendere
1249 1257 1517 1362 tenebuntur,
1539 1262 1782 1365 nisicoram
1806 1261 1998 1348 Scultetc
2145 1331 2153 1342 ,

331 1378 526 1487 Ipsorum
557 1376 860 1460 Theutcnicali
893 1375 998 1460 Jure
1029 1377 1248 1487 praedicto
1284 1377 1621 1492 respondebunt,
1643 1376 1861 1462 Scultetus
1898 1405 1998 1463 vere

266 1539 271 1549 ·
333 1521 478 1580 coram
512 1491 647 1586 Nobis
669 1501 743 1584 aut
763 1501 906 1578 nostre
943 1491 1101 1576 Judice
1138 1495 1440 1579 Theutonicali
1476 1493 1582 1576 dure
1604 1520 1690 1605 quo
1711 1522 1861 1602 supra,
1899 1495 1999 1576 dum

333 1621 477 1694 tamen
497 1636 573 1717 per
593 1613 781 1696 nost-ram
800 1610 990 1692 Literam
1011 1610 1136 1690 firerit
1168 1613 1343 1712 citans,
1378 1611 1593 1694 tenebitur
1626 1609 1895 1717 respondere.
1947 1610 1999 1706 Iu

184 1761 192 1777 ·
241 1825 249 1835 ι
334 1728 476 1812 causis
498 1737 640 1811 autem
664 1725 964 1813 Oriminalibus
987 1723 1316 1836 quibuscunque
1337 1726 1507 1849 Magnis
1529 1725 1598 1809 vel
1617 1729 1759 1833 parvis
1780 1725 1999 1834 praedicto

294 1912 299 1923 ,
336 1843 529 1930 Sculteto
551 1852 594 1927 et
616 1843 715 1927 Suis
753 1841 1081 1956 Successoribus
1110 1841 1234 1950 juxta
1269 1839 1415 1952 Ipsum
1436 1837 1517 1925 Jus
1540 1842 1857 1926 Theutonicum
1886 1843 2002 1952 judi·
2080 1947 2081 1952 Ν

333 1957 479 2061 candi,
494 1959 809 2048 condemnandi
832 1969 875 2040 et
893 1959 1095 2067 puniendi
1132 1959 1281 2043 damus
1304 1967 1348 2043 et
1365 1959 1590 2044 tribuimus
1622 1959 1906 2045 omnimodam
1936 1959 2001 2044 fa·

335 2073 549 2161 cultatem.
602 2073 847 2187 Excipimus
867 2085 1010 2159 tamen
1033 2076 1151 2184 quod
1173 2078 1312 2159 dictus
1335 2073 1550 2162 scultetus
1572 2085 1616 2160 et
1634 2077 1799 2160 Posteri
1818 2077 1923 2188 Ejus
1945 2079 2001 2161 ad

336 2191 568 2305 quamlibet
587 2193 899 2301 expeditionem
920 2189 1160 2304 generalem
1182 2219 1279 2276 cum
1298 2221 1383 2280 unc
1406 2197 1574 2306 homine
1606 2189 1786 2282 Galeato
1803 2203 1853 2276 et
1872 2193 2019 2306 Eque,

334 2313 447 2396 beno
483 2311 696 2394 tenebitur
731 2308 899 2400 servire.
950 2310 1000 2392 In
1033 2310 1151 2418 cujus
1172 2313 1232 2397 rei
1251 2310 1536 2397 testimonium
1572 2313 1774 2397 Nostrum
1808 2309 2001 2422 Sigillum

334 2428 636 2512 Praesentibus
673 2429 868 2510 duximus
906 2428 1247 2544 appendendum.
1309 2431 1472 2514 Datum
1506 2427 1717 2513 Cruceviuc
1738 2430 1781 2510 in
1804 2428 1999 2514 Crastino

123 2625 132 2648 ,
286 2575 288 2578 ·
339 2546 485 2630 Sancti
506 2541 727 2627 Michaelis
748 2543 1021 2656 Archangeli.
1074 2545 1199 2630 Anno
1228 2546 1398 2650 Domini
1429 2547 1646 2632 Millesime
1669 2545 2000 2650 Trecentesimo,

338 2659 678 2772 Quadragesimo
710 2657 900 2766 Octavo„
941 2663 1245 2746 Praesentibus
1266 2666 1331 2748 his
1354 2664 1572 2749 Testibus:
1604 2665 1820 2748 Hermano
1841 2664 2002 2750 Procu-

337 2789 476 2864 ratere
498 2777 714 2901 (imerali,
751 2777 999 2865 Wilczkone
1036 2778 1383 2888 Sandcmiriensi,
1419 2782 1517 2867 Vito
1541 2784 1593 2866 de
1614 2779 1800 2865 Polanice
1823 2779 1877 2893 (³)
1915 2781 2001 2869 Oa·
2037 2805 2042 2812 ·
2173 2778 2182 2792 '

238 2909 243 2914 '
338 2897 546 3001 atellanis,
574 2897 769 2983 Floriano
799 2897 1069 2982 ‘Cancellario
1101 2897 1586 3005 Lanciciensi‚'Nicole0
1609 2901 1663 2982 de
1684 2897 1836 2998 Bibicz,
1860 2908 1903 2982 et
1923 2899 2002 2994 Ja-
2055 2954 2066 2979 .

336 3011 474 3100 roslao
496 3011 688 3099 Plebano
711 3015 763 3098 de
786 3015 972 3100 Oivitat‘e
995 3013 1200 3101 Bcctmua
1216 3013 1271 3132 (⁴)
1295 3027 1339 3101 et
1359 3017 1449 3102 aliis
1471 3011 1614 3103 multis
1632 3017 1722 3101 fide
1741 3018 1895 3129 dignis.
1938 3100 1945 3134 7
2069 3031 2073 3040 '

380 3305 385 3314 '
443 3300 486 3382 (³)
508 3297 613 3384 Apud
631 3291 852 3363 Wolanscium
868 3295 889 3361 l.
905 3320 934 3362 c.
950 3291 1083 3386 legitur:
1108 3298 1211 3380 „vito
1229 3297 1269 3365 de
1287 3297 1462 3368 poraneus

365 3403 367 3412 ·
444 3381 484 3463 (⁴)
507 3381 608 3468 Apud
623 3380 850 3447 Wolanscium
863 3382 1000 3448 verbum
1015 3383 1178 3452 incertum
1193 3392 1257 3466 est,
1273 3385 1422 3466 Banna,
1435 3385 1488 3450 vel
1504 3383 1626 3470 aliquid
1642 3383 1757 3451 simile.
1789 3385 1936 3451 Verbum
1952 3395 2006 3452 est

238 3473 242 3478 '
339 3463 576 3548 abbreviatum,
592 3465 726 3531 etbanc
738 3465 784 3531 'ob
799 3485 930 3532 causam
945 3465 1122 3532 Wolariski
1135 3467 1231 3553 ponit
1242 3468 1275 3536 in
1286 3468 1476 3556 parenthesi
1492 3469 1702 3548 Casimiriam,
1728 3467 1810 3556 legit
1823 3468 1925 3555 igitur
1941 3469 2000 3536 sic:

194 3555 198 3564 '
339 3558 398 3634 „ct
413 3547 567 3619 Jaroslae
583 3547 722 3638 plebano
739 3550 781 3618 de
796 3547 929 3619 civitate
945 3547 1163 3634 (Kamiriay’
1179 3561 1241 3619 etc.
1647 3561 1649 3566 ’
