4952 5926
1101 647 1362 724 ...ῃ-

400 881 501 939 nam
520 849 773 959 irrepscturis
787 849 1122 956 inperpetuum.
1155 843 1609 958 Quoniam=gsnsratio
1630 847 1759 932 uenit
1778 857 1827 952 et
1849 851 2066 960 ansam

399 969 591 1078 preterit.
611 969 764 1076 sicque·
792 965 958 1054 noticia
991 967 1134 1048 omnis
1157 984 1311 1048 eorum
1339 993 1431 1076 ·qne
1459 965 1570 1048 fiunt
1599 965 1693 1050 sub.
1714 974 1922 1076 tempore·
1936 969 2066 1060 finem

400 1085 533 1172 habet
551 1088 632 1170 nisi
662 1087 909 1168 litterarum,
927 1083 1168 1167 testimonio
1191 1085 1503 1192 perhennatur,
1525 1084 1634 1168 ,ideo
1660 1093 1709 1166 ut
1738 1111 1969 1193 speramus
1989 1120 2067 1200 pa*

398 1215 465 1314 ter
494 1213 642 1290 noster·
670 1200 830 1284 Odakir
849 1200 1020 1284 illustris
1042 1201 1262 1310 quondam
1286 1230 1363 1284 rex
1385 1201 2064 1310 boemorum'pierceordationis.
2173 1267 2196 1292 2,

400 1324 479 1414 deo
502 1323 667 1406 deuotis
701 1318 903 1402 fratribus
940 1319 1089 1402 domus
1120 1318 1346 1426 hospitalis
1379 1327 1545 1404 saneta
1566 1315 2066 1414 marie=³teuthoniconrm

401 1439 721 1577 derosolimitsti
733 1435 790 1550 (i)
802 1436 861 1550 (³)
880 1438 1034 1520 multas
1056 1445 1100 1518 et
1116 1437 1255 1520 bonas
1268 1437 1447 1578 contulit
1454 1437 1671 1523 libertates
1691 1441 1774 1524 sub
1792 1441 1920 1548 hujus
1932 1445 2067 1582 privi-
2086 1501 2090 1506 .

398 1557 1133 1759 legnrfinrlllffirlsnetbnaefersuss
1152 1600 1437 1758 struerent
1455 1613 1648 1758 misse..
1685 1674 1783 1784 ugo
1806 1605 2066 1770 osanne}

457 1783 708 1878 boemorum
718 1789 1020 1874 HP'hermsno
1034 1791 1473 1899 magistrohospitulis
1487 1801 1641 1878 wsancte,
1656 1793 1788 1880 marie
1806 1793 1954 1878 domus
1970 1805 2066 1884 teu·-

397 2015 400 2022 ι
456 1911 723 1994 thonicorum
743 1906 774 1992 J
776 1907 1073 1991 erosolimitani
1096 1909 1272 2019 ejusque
1289 1907 1488 1994 fratribus
1502 1916 1611 2015 tam·
1635 1909 1906 2020 presentibus
1935 1934 2066 2025 quam
2155 1947 2160 1956 ’

235 2059 238 2067 ·
379 2043 383 2048 ’
416 2099 418 2106 ⁴
455 2027 607 2112 fuscis
626 2031 672 2109 in
691 2034 956 2138 perpetuum.
991 2023 1240 2136 Oum'regie
1264 2027 1509 2113 excellentie
1532 2037 1575 2111 et
1594 2027 2064 2118 munificentiebened-
2279 2034 2285 2044 ’

253 2143 257 2150 ’
457 2149 526 2230 eia
547 2146 601 2228 ad
617 2173 764 2230 ornnes
779 2144 1053 2252 generaliter·
1073 2143 1261 2226 debeant
1297 2147 1479 2250 extendi3
1513 2155 1665 2234 nostra
1695 2153 1843 2229 tomen
1872 2152 2065 2236 consulte
2127 2229 2134 2234 .

459 2265 650 2348 decreuit
684 2261 899 2346 serenitas,
927 2287 998 2346 eos
1032 2263 1143 2344 tueri
1175 2265 1403 2372 potentius.
1442 2275 1486 2346 et
1517 2263 1663 2350 fouere
1696 2261 1957 2371 clementius,
1983 2269 2065 2378 *qui

293 2441 297 2448 -
377 2479 382 2486 ,
458 2382 608 2468 diuinis
639 2380 888 2462 insudantes
910 2379 1126 2490 obsequiis
1159 2407 1244 2465 non
1280 2383 1416 2467 solum
1445 2405 1513 2468 res
1530 2407 1644 2466 ,suas
1674 2403 1751 2490 pro
1772 2389 1894 2466 terre.
1914 2395 2066 2471 saneta
2125 2391 2129 2401 '

315 2509 322 2526 ¹
438 2497 702 2583 :defensione
731 2497 907 2607 largiter
931 2499 1185 2606 expendunt
1206 2499 1284 2582 sed
1306 2510 1349 2586 et
1369 2527 1553 2608 corpora.
1577 2515 1658 2582 sua
1688 2499 1827 2583 animo
1857 2500 2066 2609 inpertur-

317 2671 323 2676 -
404 2690 407 2700 ,
455 2605 638 2701 bato‘et
656 2613 827 2698 affectu
856 2617 927 2723 pio
968 2618 1236 2728 grauissimis·
1259 2619 1456 2726 periculis
1489 2617 1683 2702 devotius
1715 2629 1945 2726 exponunt.
1976 2621 2065 2722 No·¹

456 2735 566 2815 uerit
585 2736 731 2845 itaque
753 2743 842 2815 tam
862 2762 1037 2842 presens
1061 2745 1151 2816 etas
1174 2764 1303 2846 quam
1324 2735 1470 2820 futtuo
1486 2738 1729 2846 posteritas,
1751 2737 1971 2845 quod-nos.
1988 2740 2064 2824 do*
2185 2763 2190 2770 ·

455 2879 549 2933 mus
584 2861 627 2934 et
654 2853 959 2960 possessiones.
984 2864 1027 2936 et
1046 2851 1197 2936 fratres
1218 2854 1439 2964 hospitalis
1460 2863 1608 2936 sancte
1644 2853 1776 2936 marie
1799 2854 1948 2936 domus
1969 2865 2083 2938 teu··

453 2968 720 3053 thonicorum
741 2968 1073 3054 derosolimitani
1098 2979 1140 3052 et
1155 2973 1326 3080 insuper
1347 2998 1494 3056 omnes
1514 2973 1722 3056 incorum
1742 2973 2061 3079 possesionibus

403 3176 405 3182 ,
454 3085 699 3182 habitantes
721 3089 972 3174 constitutos
992 3091 1037 3172 in
1055 3116 1190 3200 regno
1219 3099 1362 3174 nostro
1394 3089 1546 3172 tamin
1566 3088 1736 3174 boemia
1757 3089 1952 3198 quamin
1972 3113 2063 3175 mo·

454 3199 576 3288 rau'ia
608 3233 686 3286 seu
715 3207 759 3318 in
781 3207 870 3288 aliis
891 3208 1119 3318 provinciis
1151 3235 1286 3316 regno
1318 3217 1462 3292 nostro
1494 3207 1775 3300 attinentibus
1808 3205 1888 3290 sub
1921 3219 2065 3294 nostre

457 3323 764 3432 magnitudinis
796 3327 1033 3436 recepimus
1064 3325 1388 3434 protectionem.
1421 3335 1465 3408 et
1496 3353 1641 3410 omnes
1668 3326 1957 3434 possesiones·
1968 3355 2065 3410 eum

430 3482 433 3496 =
455 3441 649 3528 omnibus
672 3442 937 3550 appendiciis
956 3443 1056 3526 suis.
1080 3469 1188 3554 quas
1210 3443 1280 3524 uel
1294 3471 1372 3528 nos
1391 3444 1528 3526 eidem
1551 3444 1693 3552 domuj
1712 3443 1978 3528 contulimus.
1995 3445 2065 3527 uel

456 3559 599 3641 inclite
629 3560 831 3643 memorie
864 3558 949 3642 dux
971 3559 1195 3644 Ounradus
1209 3559 1396 3646 boemie.
1419 3559 1489 3644 uel
1519 3564 1588 3670 pie
1609 3562 1913 3648 recordationis
1934 3561 2063 3642 frater

456 3691 599 3759 noster
630 3676 890 3761 Wladiclsus
917 3680 1109 3792 'marchio
1140 3685 1344 3764 morauie.
1366 3680 1585 3771 ueletiam
1607 3679 1674 3792 alij
1697 3674 1860 3756 nobiles
1880 3678 1972 3758 uiri
1993 3677 2064 3760 uel

454 3795 641 3902 ingenue
662 3793 866 3877 matrone.
900 3799 991 3878 siue
1013 3789 1141 3880 etiarn
1162 3795 1231 3875 alii
1253 3794 1398 3876 christi
1418 3786 1564 3876 fideles
1586 3789 1757 3876 minaris
1779 3787 1995 3876 facultatis
2015 3797 2064 3878 'et

403 3967 407 3974 -
454 3911 644 4020 potantis
676 3909 846 4018 matam.
876 3915 1022 4000 domui
1056 3913 1327 3998 conbrleurut
1362 3911 1500 3996 eidem
1523 3911 1679 4000 :tussa
1699 3917 1743 3992 at
1760 3909 2063 4020 penitissposs
2140 3923 2146 3932 '

454 4029 655 4113 sidendas
676 4039 820 4112 nostra
835 4033 976 4142 'regia
1005 4030 1258 4114 auctoritate
1295 4023 1659 4112 confirmauimua·
1682 4026 2061 4136 Emancipauimus

455 4150 582 4258 etiam
603 4147 744 4236 omnia
764 4149 913 4258 predia
935 4150 995 4230 eis
1013 4147 1167 4240 collata
1188 4145 1629 4260 eticonferendacum
1652 4175 1796 4231 eorum
1828 4147 1985 4230 colonis
2019 4157 2063 4230 et
2122 4183 2128 4192 ·

411 4351 415 4357 .
448 4263 676 4386 uinquilinis.
701 4276 743 4351 et
761 4267 876 4350 omni
896 4264 1067 4355 familia.
1098 4247 1188 4348 siue
1210 4265 1294 4348 siut
1319 4258 1566 4388 'liberiffsiue
1591 4265 1711 4387 'serui
1742 4259 1797 4347 ab
1830 4263 1944 4346 omni
1971 4265 2062 4349 iure

393 4443 481 4500 tatur
495 4455 641 4517 persona
655 4436 776 4504 sedens
800 4443 984 4518 tenensque
1001 4433 1119 4500 dextra
1132 4456 1230 4500 manu
1243 4429 1409 4514 vexillum,
1441 4432 1577 4498 sinistra
1604 4454 1685 4498 varo
1711 4417 1969 4497 innixum'souto
1987 4433 2089 4500 esd.
2172 4447 2175 4452 '
2257 4513 2262 4524 ἱ

395 4519 483 4604 giem
498 4517 636 4602 aquilae,
652 4521 687 4585 in
699 4515 994 4604 ambitulaguntur
1007 4518 1121 4584 verba:
1146 4517 1277 4586 Sanctus
1313 4517 1507 4582 Wenccelaus
1523 4518 1711 4582 Bassorum
1727 4519 1799 4581 dra.
1822 4515 1940 4582 Altera
1963 4527 2058 4604 parte

394 4599 494 4693 sigilli
518 4601 616 4666 etiam
642 4625 787 4686 persona
816 4603 936 4671 sedens
966 4613 1149 4688 tenensque
1166 4602 1285 4667 dextra
1299 4622 1395 4664 manu
1421 4601 1516 4684 quasi
1529 4601 1669 4692 virgam,
1686 4600 1912 4668 sinistravero
1928 4618 2061 4688 pomum

363 4710 373 4718 ·
395 4705 468 4752 cum
481 4705 591 4765 cruce,
607 4685 641 4750 in
656 4685 780 4753 'ambitu
795 4687 908 4754 rerba:
933 4687 1004 4756 Pas
1018 4687 1120 4776 Rapis
1146 4686 1318 4754 Wenrezlai
1332 4688 1366 4750 in
1381 4707 1478 4751 manu
1492 4684 1602 4758 Sancti
1625 4686 1808 4752 Wencezlai.

408 4845 411 4850 ,
498 4771 539 4856 (Ἷ
563 4767 620 4837 Sic
640 4767 820 4839 Slawidski
834 4773 971 4860 scripsit
984 4771 1134 4857 verbum,
1151 4769 1289 4854 quodin
1304 4768 1554 4838 abbreviatione
1567 4768 1813 4856 „ilrerlimitati”
1828 4769 1960 4858 legitur.
2056 4781 2062 4788 ·
2166 4757 2171 4767 ’
