4856 5932
981 675 1151 750 -dll
1211 715 1255 730 -

209 935 215 950 .
298 872 613 992 gravaminibus
633 872 956 960 misericorditer
972 877 1217 984 subvenire;
1248 886 1296 960 ut
1330 904 1429 964 vero
1465 877 1614 962 civitas
1635 879 1826 988 predicta
1842 884 1935 968 sub

298 1008 441 1080 nostro
462 994 573 1078 felici
593 995 799 1104 regimine
819 993 989 1076 liberius
1010 997 1217 1108 respirare
1237 996 1377 1080 valeat
1393 1007 1435 1080 et
1454 997 1591 1081 felicia
1605 999 1789 1107 recipere
1805 1003 1941 1086 incre·

301 1125 458 1219 menta,
479 1115 616 1223 ipsam
637 1113 851 1198 civitatem
886 1121 1073 1197 nostram
1103 1115 1392 1220 Novosondeez,
1427 1127 1552 1226 prout
1578 1120 1621 1200 in
1650 1117 1736 1198 suis
1758 1121 1877 1200 metis
1899 1132 1943 1204 et

301 1233 510 1349 granieiis,
531 1235 669 1346 longe,
689 1232 787 1335 late,
809 1231 1331 1346 circumferencialiterque
1347 1234 1401 1318 ab
1421 1237 1595 1348 antiquo
1617 1246 1682 1320 est
1700 1235 1879 1318 limitata
1900 1251 1943 1322 et

301 1356 520 1458 disb‘ncta,
550 1355 602 1438 de
623 1350 728 1436 dure
748 1351 946 1436 Polonieo
968 1353 1011 1434 in
1023 1349 1113 1436 ’Jus
1136 1351 1447 1437 Theutonicum
1471 1366 1575 1464 quot
1595 1352 1692 1469 (sic)
1714 1353 1943 1461 Maydbur-

301 1501 437 1585 gense
460 1472 630 1574 dicitur,
658 1469 947 1554 transferimus
968 1481 1172 1582 perpetuo
1196 1473 1463 1576 duraturum,
1498 1484 1765 1560 removentes
1786 1472 1943 1559 ibidem

301 1595 441 1677 omnia
462 1592 570 1676 Jura
590 1589 858 1694 Polonicalia,
880 1589 1026 1674 modos
1050 1603 1092 1672 et
1106 1592 1428 1674 consuetudines
1450 1595 1682 1700 universas,
1704 1619 1789 1702 que
1804 1595 1941 1704 ipsum

302 1710 384 1796 dus
406 1712 718 1797 Tbeutonicum
739 1707 1082 1818 Maydburgense
1102 1711 1337 1822 predictum
1357 1713 1606 1820 plerumque
1636 1725 1945 1800 consueverunt

302 1839 346 1914 et
366 1842 465 1916 sunt
492 1831 615 1918 solita
634 1825 894 1939 perturbare.
923 1826 1153 1912 Eximimus
1181 1829 1371 1938 insuper,
1400 1829 1658 1917 absolvimus
1681 1843 1723 1916 et
1740 1842 1945 1942 perpetuo

302 1949 530 2036 liberamus
551 1951 809 2050 Advocatos,
845 1945 972 2032 Oivee
1002 1957 1045 2029 et
1065 1950 1236 2056 quosvis
1277 1949 1408 2058 ipsius
1444 1949 1626 2033 civitatis
1666 1949 1947 2036 Novasoadecz
2051 2029 2058 2042 ,

302 2071 478 2175 incolas,
501 2081 543 2155 et
563 2069 619 2151 ad
638 2069 775 2177 ipsam
797 2093 873 2148 seu
894 2065 947 2149 ad
963 2065 1299 2177 jurisdictionem
1336 2067 1425 2178 ejus
1456 2069 1734 2180 pertinentes,
1756 2070 1811 2150 ab
1834 2069 1946 2152 omni

297 2189 589 2301 jurisdictione
612 2195 653 2268 et
671 2191 884 2295 potestate
915 2185 1099 2268 omnium
1129 2185 1268 2295 Regni
1291 2185 1455 2298 (nostri)
1478 2185 1823 2291 Castellanorum,
1862 2185 1947 2272 Oa·

303 2313 587 2420 pitaneorum,
608 2303 834 2408 dudicum,
856 2301 1134 2412 Subjudicum
1157 2315 1201 2386 et
1220 2308 1463 2414 quorumvis
1486 2302 1740 2396 Officialium
1760 2315 1804 2385 et
1824 2305 1945 2389 Mini-

304 2429 545 2532 sterialium,
564 2436 613 2508 ut
635 2449 777 2507 coram
796 2423 899 2534 ipsis
920 2421 988 2505 vel
1006 2423 1191 2534 ipsorum
1224 2423 1367 2534 aliquo
1399 2451 1472 2534 pro
1495 2426 1632 2508 causis
1664 2435 1751 2506 tam
1780 2425 1947 2535 magnis

305 2578 434 2662 quam
455 2546 596 2658 parvis
618 2539 758 2658 (puta)
780 2538 900 2645 furti,
935 2542 1172 2654 sanguinis,
1193 2543 1424 2645 homicidii,
1445 2543 1644 2650 incendii,
1665 2541 1945 2626 membrorum

303 2665 597 2770 mutilationis,
633 2671 676 2747 et
712 2659 930 2770 quibusvis
952 2661 1043 2772 alijs
1067 2659 1305 2745 enormibus
1329 2660 1573 2744 excessibus
1611 2664 1747 2764 citati,
1782 2661 1949 2748 minime

304 2784 621 2900 respondebunt
643 2780 753 2892 (sie),
783 2809 862 2863 neo
883 2779 1059 2893 aliquas
1068 2769 1229 2890 poenas
1251 2779 1414 2863 solvere
1432 2780 1689 2864 tenebuntur
1710 2776 1827 2890 (sic),
1865 2779 1951 2866 Sed

305 2917 473 3016 tantum
495 2903 622 2991 (lives
646 2908 689 2984 et
708 2899 851 2985 Incole
871 2899 1063 3010 predicte
1085 2899 1265 2984 civitatis
1287 2895 1564 2982 Novosondecz
1593 2927 1734 2986 coram
1756 2899 1842 2982 suis
1862 2897 1952 2982 Ad-

305 3027 467 3114 vocatis
487 3051 564 3136 pro
584 3032 774 3130 tempore
795 3017 1083 3124 existentibus,
1106 3019 1316 3104 Advocati
1335 3045 1435 3103 vero
1457 3044 1598 3101 coram
1635 3017 1757 3103 nobis
1780 3025 1855 3101 aut
1874 3045 1951 3102 no·

305 3159 392 3233 stro
415 3141 604 3258 generali
625 3140 852 3250 colloquio,
885 3137 983 3220 dum
1003 3147 1145 3221 tamen
1167 3169 1242 3250 per
1262 3136 1424 3221 literam
1444 3145 1644 3244 nostram,
1672 3147 1815 3223 nostro
1837 3139 1953 3251 sigil-

305 3267 347 3355 lo
369 3263 598 3374 sigillatam
633 3257 788 3356 fuerint
819 3258 985 3341 evocati
1017 3267 1060 3338 et
1080 3259 1210 3363 citati,
1245 3266 1346 3339 tunc
1366 3283 1450 3341 non
1472 3255 1593 3340 aliter
1614 3285 1743 3369 quam
1765 3284 1841 3340 suo
1856 3257 1954 3366 jure

305 3383 573 3471 Theutonice
593 3375 927 3486 Maydburgensi
961 3376 1163 3486 predicto,
1196 3377 1247 3460 dc
1278 3403 1323 3459 se
1346 3375 1664 3488 querulantibus
1699 3375 1956 3460 tenebuntur

304 3499 574 3614 respondere.
621 3495 672 3580 ln
709 3495 846 3576 causis
878 3521 977 3576 vero
999 3494 1282 3579 criminalibus
1305 3505 1346 3577 et
1367 3496 1618 3604 capitalibus
1655 3495 1846 3602 superius
1879 3522 1951 3578 ex·

305 3619 509 3736 pressatis
530 3615 762 3701 Advocatio
786 3613 982 3724 predictis
1002 3614 1045 3694 in
1066 3615 1186 3697 metis
1203 3623 1247 3696 et
1262 3615 1460 3721 graniciis
1485 3615 1594 3698 dicte
1613 3613 1805 3698 Civitatis
1821 3609 1956 3696 Noou-

307 3739 471 3828 saedecz
479 3733 712 3849 judicandi,
733 3731 1036 3835 sentenciandi,
1058 3733 1308 3844 corrigendi,
1330 3734 1542 3842 puniendi,
1563 3731 1773 3843 plectendi
1792 3739 1834 3812 et
1851 3757 1952 3815 con·

310 3858 578 3970 dampnandi,
598 3855 764 3966 plenam
786 3851 935 3936 damus
957 3862 1000 3934 e't
1020 3851 1302 3947 omnimodam
1322 3861 1466 3935 tenore
1487 3851 1740 3964 presentium
1759 3851 1957 3935 concedi-

307 4007 401 4064 mus
422 3977 692 4080 faeultatem3
713 3981 838 4084 prout
858 3971 940 4055 hoc
959 3970 1098 4082 ipsum
1119 3969 1200 4055 Jus
1223 3969 1533 4055 Theutonicum
1569 3972 1610 4055 in
1643 3969 1837 4056 omnibus
1870 3970 1957 4053 suis

307 4098 489 4212 punctis,
511 4093 707 4196 articulis,
736 4085 974 4194 sentenciis,
995 4091 1313 4175 condicionibus
1337 4100 1380 4174 et
1401 4089 1603 4174 clausulis
1623 4089 1811 4200 postulat
1832 4098 1874 4171 et
1892 4117 1959 4171 re·

311 4218 450 4326 quirit
483 4212 658 4300 duribus
680 4223 824 4295 tamen
844 4211 995 4294 nostris
1018 4207 1250 4324 Regalibus
1272 4207 1465 4325 omnibus
1494 4237 1660 4322 semper
1681 4211 1820 4292 salvis.
1866 4205 1958 4290 Ha·

308 4364 415 4440 rum,
467 4331 623 4442 quibus
658 4329 840 4442 sigillum
874 4337 1062 4414 nostmm
1100 4327 1345 4440 appensum
1369 4337 1434 4412 eet
1468 4328 1705 4412 testimonio
1745 4327 1957 4421 literarum

310 4453 465 4540 Actum
505 4446 689 4533 Crocooie
724 4447 826 4531 feria
863 4449 1012 4558 quinta
1041 4449 1153 4531 intra
1193 4445 1380 4531 Octavas
1423 4445 1736 4555 Assumptionis
1773 4442 1957 4529 Sanctae

184 4605 189 4620 ’
310 4570 468 4662 Mariae
491 4567 677 4682 Virginis
699 4568 891 4679 gloriose.
937 4565 1062 4651 Anno
1081 4565 1252 4650 Domini
1283 4565 1502 4650 Millesimo
1540 4563 1958 4675 quadringentesimo

301 4689 574 4778 duodecimo.
619 4685 919 4772 Praesentibus
955 4683 1215 4770 Reverendis
1250 4683 1293 4766 in
1331 4683 1499 4770 Christo
1529 4680 1725 4766 Patribus
1749 4680 1956 4768 Dominis:

313 4809 488 4899 Nicoleo
510 4804 844 4918 Archiepiscopo
867 4801 1116 4910 Gnesnensi,
1151 4802 1325 4888 Alberto
1361 4803 1575 4913 Episcopo
1610 4802 1885 4886 Posnaniensi
1915 4812 1958 4886 et

1697 4936 1757 4999 47*
