4890 5924
1111 640 1441 764 41944

414 909 570 994 stabile
591 909 805 1016 roburque
817 912 1059 1014 „perpetuae
1081 903 1290 985 firmitatis
1328 903 1531 1017 obtinere.
1584 905 1767 988 Proinde
1789 909 1878 992 Nos
1903 910 2084 996 Oasimi-

413 1055 484 1110 rus
507 1026 589 1108 Dei
611 1023 759 1111 Gratia
780 1023 872 1107 Rex
891 1021 1095 1105 Poloniae
1130 1030 1276 1106 notum
1306 1021 1485 1104 facimus
1506 1023 1713 1105 universis
1735 1035 1824 1108 tam
1845 1034 2079 1135 praesenti·

277 1161 306 1202 '·
413 1147 493 1239 bus
517 1171 646 1253 quam
666 1139 815 1224 futuris
837 1141 948 1222 hanc
969 1139 1156 1222 Literam
1177 1141 1452 1246 inspecturis,
1484 1139 1601 1248 quod
1633 1143 1851 1254 cupientes
1874 1145 2081 1228 utilitates

412 1261 554 1374 Regni
588 1263 722 1357 nostri
741 1287 817 1368 per
839 1255 1017 1365 amplius
1049 1257 1262 1365 ampliare,
1285 1257 1337 1338 de
1361 1255 1522 1365 Sylvis,
1546 1257 1777 1368 dequibus
1809 1261 1944 1346 Nobis
1965 1264 2084 1347 nulla

210 1403 217 1410 ·
321 1419 324 1424 ¹
410 1380 607 1488 paenitus
626 1376 795 1462 utilitas
816 1375 1112 1486 proveniebat,
1136 1374 1319 1458 discreto
1351 1373 1450 1457 Viro
1482 1372 1651 1458 Jacobo
1684 1377 1832 1462 damus
1864 1378 2018 1462 Villam
2038 1383 2081 1463 in
2145 1377 2189 1420 ’·
2251 1379 2262 1386 ’
2321 1396 2324 1401 ’

301 1582 320 1602 ,,
411 1495 540 1580 fluvio
578 1497 693 1581 dicto
731 1495 876 1578 Libora
912 1493 1017 1578 dure
1037 1485 1341 1578 'Theutonico'
1362 1492 1477 1603 quod
1509 1491 1885 1606 Magdeburgense
1918 1499 2081 1601 dieitur,
2214 1581 2222 1601 ,

408 1612 591 1698 locandi·
616 1613 901 1700 omnimodam
936 1617 1207 1720 potestatem.
1271 1607 1393 1708 Quae
1429 1607 1540 1692 Villa
1572 1610 1753 1695 habebit
1785 1611 1893 1695 infra
1923 1615 2079 1696 limites

412 1729 598 1816 Centum
634 1729 799 1841 Viginti
832 1725 1025 1834 Mansos,
1057 1729 1107 1811 In
1130 1753 1217 1834 qua
1253 1726 1367 1810 Villa
1401 1728 1563 1812 ratione
1600 1729 1821 1813 locationis
1849 1732 2077 1840 'praedicto

412 1839 581 1933 Jacobo
605 1857 647 1930 et
667 1847 853 1933 Posteris
874 1847 1016 1956 Ipsius
1039 1847 1189 1928 damus
1229 1844 1479 1928 Scultetiam
1509 1855 1714 1956 perpetuo
1737 1856 1780 1928 et
1801 1847 2080 1959 dure-haere-
2168 1933 2172 1941 ,

412 1965 563 2050 ditario
582 1967 830 2066 tenendam,
852 1965 1116 2066 habendam,
1147 1964 1470 2070 possidendam,
1503 1963 1768 2068 donandam,
1794 1965 2077 2068 vendendam,

411 2085 753 2167 commutandam
774 2081 850 2190 pro
872 2082 964 2166 Sua
982 2092 1023 2164 et
1040 2081 1221 2180 Suorum
1244 2090 1507 2198 posterorum
1529 2081 1711 2164 utilitate
1733 2084 2075 2195 convertendam.

411 2198 493 2284 Oui
515 2201 708 2286 Sculteto
734 2209 775 2282 et
798 2199 912 2283 Suae
943 2199 1180 2306 posteritati
1214 2199 1362 2280 damus
1395 2207 1599 2307 perpetuo
1623 2195 1733 2283 Octo
1754 2199 1927 2284 Mansos
1949 2201 2080 2284 Libe-

409 2343 497 2422 ros,
518 2319 660 2402 Etiam
681 2346 756 2428 pro
778 2317 975 2428 Ecclesia
1006 2345 1150 2420 unum·
1169 2315 1366 2400 Mansum
1389 2325 1432 2398 et
1453 2315 1582 2398 alium
1602 2318 1896 2425 propellendo
1929 2345 2076 2429 grege,

411 2437 484 2546 qui
505 2437 738 2548 vulgariter
772 2431 960 2516 Skotnr'co
979 2434 1130 2516 dicitur
1149 2433 1303 2546 liberos
1326 2461 1441 2518 more
1462 2435 1681 2542 praedicto
1713 2434 2078 2545 Magdebu'rgensi

320 2550 326 2559 “
410 2563 698 2658 mensuratosr,
739 2550 985 2634 Molendina
1022 2559 1299 2664 quotcunque
1319 2561 1465 2660 potest
1484 2548 1625 2634 facere
1645 2553 1689 2632 in
1708 2553 1836 2636 fluvio
1856 2553 2078 2660 praedicto
2183 2581 2202 2642 ,·

244 2756 251 2764 ‚
304 2697 306 2707 ’
336 2677 339 2682 ’
410 2665 519 2751 infra
549 2668 705 2753 limites
739 2671 878 2751 diotae
909 2671 1156 2752 hereditatis
1177 2669 1332 2772 libera,
1356 2671 1468 2752 dicto
1492 2667 1687 2776 Sculteto
1711 2677 1755 2752 et
1766 2667 1872 2752 ‘Suis
1896 2668 2078 2754 Succes-

410 2787 576 2870 soribus
615 2789 763 2872 damus
802 2786 1023 2872 Sameram
1055 2789 1216 2871 Panum
1249 2814 1325 2868 seu
1360 2789 1568 2896 pistorum
1605 2785 1851 2872 Tabernam
1885 2788 2077 2888 liberam,

409 2904 637 2997 Macellum
674 2907 865 2990 carnium
884 2933 962 2988 seu
984 2905 1208 2990 Sameram
1244 2904 1567 3008 Brascatorum,
1605 2903 1830 2988 Sameram
1863 2905 2077 3010 Sutorurn,
2141 3011 2144 3022 Ι

408 3022 621 3106 Piscinam
641 3025 818 3108 liberam
838 3026 880 3106 in
901 3023 1012 3106 Villa
1032 3026 1108 3124 vel,
1120 3032 1239 3106 extra
1260 3023 1419 3126 villam,
1452 3021 1532 3108 Oui
1566 3021 1756 3108 Sculteto
1780 3032 1822 3104 et
1843 3023 2074 3108 Successo-
2159 3077 2164 3090 ·

287 3183 292 3190 .
408 3141 525 3228 ribus
548 3141 686 3248 Ipsius
707 3142 854 3227 licebit
872 3142 1028 3247 piscari
1049 3145 1188 3251 pisces
1209 3139 1362 3244 libere,
1385 3149 1569 3252 quatuor
1590 3131 1732 3224 ho'rtos
1753 3139 1929 3244 liberos,
1964 3141 2073 3222 Item

409 3257 558 3340 damus
582 3258 674 3343 Sibi
694 3268 737 3342 et
758 3259 1061 3344 SuisPosteris
1093 3267 1307 3369 perpetuo¹
1331 3260 1500 3364 tertium
1524 3257 1741 3342 denarium
1762 3259 1814 3340 de
1837 3257 2009 3340 dudicio
2031 3258 2074 3338 in

405 3378 554 3482 poenis
576 3386 666 3460 tam
681 3365 853 3492 Magnis*
872 3404 1002 3487 quam
1021 3380 1185 3487 parvis,
1223 3377 1389 3466 duobus
1422 3374 1630 3458 duntaxat
1658 3378 1897 3460 reservatis.
1948 3374 2074 3474 Etut

408 3491 524 3576 dicta
545 3494 653 3578 Villa
675 3523 725 3580 eo
747 3497 871 3577 citius
908 3497 1044 3604 possit
1076 3495 1205 3579 locari
1238 3487 1447 3575 Omnibus
1466 3502 1514 3575 'et
1535 3492 1723 3605 Singulis
1756 3493 2075 3596 Omethonibus,
2200 3543 2204 3550 ·

408 3612 482 3720 qui
502 3613 544 3694 in
566 3612 668 3722 Ipsa
703 3613 957 3698 locabuntur
993 3615 1142 3695 adata
1179 3612 1471 3726 Praesentium
1495 3611 1550 3692 ad
1570 3612 1721 3721 viginti
1744 3639 1878 3695 annos
1915 3639 1941 3692 a
1961 3611 2077 3694 soln-

406 3731 520 3812 tioue
544 3730 709 3816 Oensus
733 3741 776 3814 et
798 3731 988 3818 Servicio
1012 3733 1162 3814 damus
1184 3737 1227 3814 et
1247 3731 1452 3840 largimur
1489 3722 1787 3814 Omnimodam
1822 3730 2081 3812 libertatem·
2188 3765 2210 3780 ··

408 3843 507 3945 Qua
528 3846 674 3955 elapsa
695 3857 797 3931 tuno
820 3849 1078 3934 Omethones
1116 3847 1294 3958 singulis
1319 3848 1439 3928 annis
1460 3854 1668 3956 perpetuo
1699 3847 1862 3928 scilicet
1882 3847 1925 3926 in
1946 3835 2075 3926 Festo

326 3983 341 4008 ⁴
409 3964 559 4048 Sancti
579 3965 749 4048 Martini
771 3969 824 4048 de
846 3965 1038 4078 quolibet
1058 3967 1207 4050 Mauso
1228 3992 1304 4073 pro
1328 3963 1473 4048 Oensu
1492 3992 1567 4073 per
1588 3961 1698 4048 Octo
1715 3961 1870 4050 Scotos
1892 3959 2075 4048 Grosso-

404 4109 500 4164 rum
521 4082 706 4187 solvent,
729 4092 772 4163 et
793 4081 869 4192 prb
893 4084 1057 4166 decima
1079 4084 1147 4169 cui
1170 4077 1393 4164 debebitur
1413 4110 1489 4190 per
1507 4082 1747 4164 Fertonem
1775 4078 1851 4164 Ad
1871 4081 1953 4161 tria
1973 4088 2075 4160 vero

406 4198 579 4283 dudieia
614 4200 778 4312 Magna
814 4229 927 4312 quae
948 4209 1011 4283 ter
1031 4204 1074 4284 in
1095 4199 1219 4284 Anno
1241 4198 1332 4282 fieri
1354 4209 1684 4302 consueverunt,
1720 4206 1864 4282 no'stro
1899 4195 2074 4312 Nuntio,

407 4331 536 4429 quem
558 4321 612 4402 ad
633 4319 717 4404 hoo
737 4320 957 4403 mittemus·
984 4319 1125 4418 Unum
1156 4319 1381 4428 prandium
1402 4315 1621 4401 Scultetus
1644 4325 1687 4401 et
1708 4315 1791 4400 duo
1814 4314 2075 4401 Ometbones

511 4553 554 4634 (¹)
574 4553 677 4639 Apud
692 4552 932 4639 Wolariseiumr
956 4553 1071 4636 Latus,
1089 4551 1225 4618 Litusza
1251 4549 1329 4614 villa
1344 4559 1397 4615 est
1411 4547 1610 4634 parochialis
1636 4543 1703 4636 sita
1719 4549 1754 4612 in
1776 4546 1912 4630 antiqua
1939 4543 2077 4642 regiona
2122 4561 2126 4568 ·

407 4633 575 4718 Bieoensi,
591 4659 676 4706 nunc
692 4661 773 4706 vero
789 4640 824 4704 in
839 4638 995 4720 daslensi,
1019 4637 1105 4702 inter
1129 4635 1253 4722 oppida
1283 4635 1377 4700 Birra
1392 4643 1426 4698 et
1442 4631 1570 4701 Gorlirc.
1607 4631 1745 4698 Flavius
1760 4633 1865 4700 maa
1880 4651 1962 4695 vcro
1977 4635 2077 4701 rutae
2111 4691 2119 4708 ,

407 4715 484 4783 bula
498 4731 706 4801 memoratus,
722 4723 848 4790 rivulus
865 4733 927 4802 est,
944 4723 1038 4805 cujus
1055 4719 1175 4785 ostium
1192 4721 1225 4782 in
1241 4719 1335 4802 Ropa
1361 4717 1548 4806 proximum
1562 4715 1660 4783 villae
1676 4717 1820 4784 Lanae.
1836 4755 1839 4766 ·
1857 4715 1909 4780 De
1928 4709 2080 4806 senueris
2100 4746 2103 4759 ·

405 4801 503 4886 hujus
519 4801 752 4896 rillaesconfer
766 4807 987 4894 privilegium,
1009 4803 1100 4888 quod
1115 4803 1242 4869 edimus
1258 4804 1345 4868 infra
1357 4801 1418 4868 sub
1438 4823 1466 4865 a.
1482 4801 1575 4866 1470.
1597 4849 1600 4856 i
1706 4849 1708 4856 Α
