4856 5932
1023 747 1073 765 -
1121 711 1201 784 nr-
1247 703 1298 764 ...·

334 911 533 996 videlieet
552 911 711 994 accione
734 909 790 1024 (Ι)
806 912 1053 1021 particionis
1075 941 1152 996 seu
1172 914 1388 998 diuisionis
1424 912 1609 998 eiusdem
1650 941 1981 1026 processumque

334 1059 409 1142 per
427 1033 566 1140 ipsum
597 1029 812 1113 Judieium
849 1057 987 1138 usque
1022 1032 1077 1116 ad
1114 1030 1408 1116 diffinicionem
1445 1033 1628 1116 eiusdem
1669 1032 1808 1118 Oanse
1845 1033 1982 1119 dierat

337 1150 530 1234 Tandem
551 1158 670 1260 parte
692 1149 825 1232 altera
846 1150 1009 1232 scilicet
1034 1151 1199 1236 domino
1222 1151 1430 1262 Doplrone
1453 1151 1722 1238 Sentenciam
1749 1153 1879 1262 ipsius
1900 1154 1979 1238 Ju-

332 1272 389 1352 ris
411 1268 632 1381 Suppremi
654 1295 729 1377 pro
752 1268 863 1354 Rato
884 1267 988 1351 dure
1009 1297 1095 1354 non
1116 1281 1363 1382 acceptante
1385 1298 1460 1380 per
1480 1271 1809 1382 appellacionem
1830 1273 1885 1354 ad
1900 1301 1978 1358 nos

335 1417 381 1472 se
402 1389 641 1486 aduocauit,
663 1387 793 1473 Cuius
816 1390 987 1471 materie
1026 1389 1213 1472 ordinem
1250 1391 1563 1474 masticauimus
1586 1401 1629 1472 et
1649 1392 1979 1477 examinouimus

336 1519 378 1592 et
398 1517 604 1620 quantum
624 1508 756 1616 ipsius
776 1505 891 1591 Juris
920 1510 1131 1618 suppremi
1165 1510 1282 1592 iuxta
1317 1507 1532 1621 querelam
1568 1521 1611 1592 et
1647 1507 1978 1618 Responsionem

333 1629 523 1739 Legacio
545 1625 666 1711 nobis
687 1637 930 1734 presentata
950 1625 1195 1730 continebat
1224 1626 1380 1738 Vigore
1413 1626 1533 1712 Sedis
1556 1637 1600 1712 et
1619 1627 1827 1742 priuilegij
1849 1629 1980 1716 nostri

334 1747 503 1832 Judicio
524 1747 868 1830 conuenissemue
887 1746 1131 1830 Presidente
1167 1745 1260 1828 vice
1287 1747 1433 1858 ‚Regia
1461 1747 1577 1831 Loco
1600 1746 1803 1836 Generosi
1823 1747 1982 1834 ‘domini'
2117 1823 2118 1826 i

274 1969 279 1979 ,
333 1866 496 1952 Nicolai
523 1863 781 1976 Pyeapansalc
802 1864 856 1947 de
885 1863 1132 1973 Wplbonr‘cze
1169 1863 1472 1976 Succamerarij
1497 1876 1539 1948 et
1560 1867 1784 1978 Capitanei
1821 1869 1980 1954 Craco-

332 1987 489 2070 niensis
509 1984 662 2069 Nobile
684 1982 714 2067 J
717 1986 882 2069 ohanne
904 1983 1191 2093 Bororlcowsly
1227 1983 1383 2070 ludios
1420 1985 1559 2071 Castri
1580 1986 1873 2072 Graoouieusis
1894 1986 2013 2072 Re-v·

333 2105 552 2189 voluentes
595 2105 732 2188 animo
776 2103 920 2187 ordine
962 2101 1015 2215 (³)
1035 2163 1039 2172 -
1057 2102 1174 2187 Juris
1212 2104 1551 2216 Maidburgensis
1587 2107 1713 2190 talem
1747 2107 1855 2189 inter
1882 2135 1980 2214 par-
2043 2139 2074 2154 ’·

333 2235 399 2309 tes
439 2227 692 2308 memoratae
734 2233 832 2304 ante
871 2222 1088 2307 Judicinm
1124 2233 1312 2306 nostrum
1345 2235 1531 2309 astantes
1553 2225 1722 2308 tulimus
1745 2235 1787 2308 et
1801 2224 1984 2312 finaliter

240 2415 243 2422 .
332 2344 687 2456 pronuncciamus
711 2341 979 2427 Sentenciam
999 2342 1065 2426 Ex
1086 2369 1170 2452 quo
1192 2340 1364 2426 Nobiles
1402 2344 1556 2428 domini
1590 2343 1795 2428 Martinus
1828 2356 1874 2428 'et
1901 2344 1979 2430 Jo-

335 2467 494 2549 hannes
517 2460 738 2570 Gedetczy
759 2461 856 2572 (sic)
878 2461 1074 2547 Nobilem
1109 2459 1362 2572 Dopkonem
1398 2473 1622 2572 etpueros
1652 2462 1789 2546 fratris
1818 2480 1903 2560 suis
1924 2464 1979 2578 (⁴)

334 2583 583 2667 iudicialiter
625 2582 823 2664 conuenit
852 2581 948 2693 (sic)
983 2609 1058 2694 pro
1092 2581 1295 2664 diuisione
1327 2581 1571 2666 Aduocacie
1606 2563 1810 2666 Pilnensis
1848 2579 1902 2695 (³)
1939 2593 1982 2666 et

336 2701 544 2786 Dominus
586 2701 742 2811 Doplro
792 2701 950 2784 tuendo
993 2731 1039 2786 se
1083 2702 1125 2784 in
1173 2726 1251 2784 sua
1300 2701 1572 2810 responsione
1623 2729 1719 2784 cum
1778 2700 1981 2788 diuisione

334 2823 577 2928 aduocacie,
605 2820 748 2904 literas
781 2847 921 2904 coram
944 2819 1115 2904 Judioio
1135 2819 1342 2928 deposuit,
1366 2845 1451 2926 que
1473 2818 1525 2901 de
1547 2821 1672 2903 simili
1688 2831 1763 2903 aut
1779 2847 1889 2930 equa
1904 2820 1982 2906 bo·

248 2997 252 3002 -
334 2945 466 3029 nitate
488 2941 741 3050 quartalium
763 2939 874 3021 dicte
897 2941 1126 3026 aduocacie
1149 2938 1304 3042 dicunt,
1326 2947 1369 3021 et
1389 2965 1473 3022 non
1496 2938 1547 3020 de
1569 2939 1773 3026 diuisione
1795 2940 1981 3026 aduoca-

333 3067 410 3169 oie‚
430 3089 510 3145 nec
533 3061 666 3144 eciam
688 3050 818 3142 ullam
837 3059 999 3142 literam
1021 3057 1179 3168 dudicij
1200 3059 1242 3139 in
1263 3085 1350 3169 quo
1371 3057 1605 3141 aduocacia
1624 3059 1738 3142 iacet
1766 3060 1981 3147 huiusmo-

333 3186 376 3268 di
397 3182 657 3290 diuisionisp
681 3176 734 3288 (θ)
757 3181 909 3294 posuit,
930 3187 1031 3261 tunc
1051 3177 1240 3287 predicte
1263 3177 1452 3288 deposita
1473 3177 1591 3260 litere
1615 3187 1820 3284 quantum
1836 3180 1893 3263 ad
1915 3181 1977 3263 di·
2038 3175 2064 3220 '‘

331 3302 536 3386 uisionem
555 3296 754 3404 Dopkoni
776 3300 818 3380 in
841 3299 1092 3382 adinuamen
1127 3297 1271 3380 venire
1307 3323 1391 3380 non
1426 3303 1602 3406 possunt
1624 3295 1708 3381 Sed
1730 3323 1806 3406 pro
1828 3307 1980 3409 quarto

333 3419 513 3529 quarteli
534 3415 781 3500 Aduooacie
803 3419 920 3527 quod
939 3419 1201 3525 resignatum
1238 3425 1313 3519 est,
1341 3443 1467 3525 super
1498 3415 1613 3524 quod
1649 3417 1876 3499 sentencia.
1909 3444 1980 3500 su-

331 3539 465 3650 premi
485 3535 602 3621 Juris
619 3538 825 3644 processit
847 3563 975 3645 quam
997 3534 1120 3619 ambe
1151 3543 1295 3644 partes
1325 3545 1612 3644 susceperunt,
1646 3535 1745 3617 illud
1775 3536 1980 3644 procedat

330 3659 447 3740 iusta
469 3655 778 3740 continenciam
802 3656 987 3738 eiusdem
1009 3655 1222 3739 sentencie
1254 3651 1312 3734 Et
1330 3655 1410 3736 isto
1432 3653 1641 3736 ratificata
1670 3663 1735 3734 est
1762 3656 1979 3740 sentencia

332 3777 515 3888 supremi
536 3772 652 3865 duris
677 3767 962 3858 Scabinorum‘
977 3773 1117 3860 Castri
1139 3771 1432 3880 Cracouiensis
1455 3771 1656 3856 deforma
1676 3771 1792 3856 duris
1813 3772 1978 3858 Deinde

330 3905 452 4006 parte
472 3892 724 3978 iudicialiter
746 3892 918 3977 alterins
938 3894 1197 4003 procedente
1220 3901 1263 3974 et
1282 3890 1746 3999 iudicialiter'querente
1763 3893 1978 3976 adiudica-

331 4017 469 4098 nimus
491 4011 801 4096 sentencialiter
821 4011 1012 4098 Dominis
1025 4011 1213 4096 Martino
1234 4019 1277 4093 et
1298 4007 1485 4094 dohanni
1506 4013 1699 4120 equalem
1717 4013 1975 4118 diuisionem,

332 4133 527 4217 videlicet
544 4134 587 4214 in
607 4131 675 4214 illa
697 4160 825 4243 supra
848 4134 963 4217 diota
983 4133 1100 4215 iuxta
1123 4130 1292 4240 querele
1329 4133 1652 4220 continenciam.
1666 4141 1709 4215 et
1738 4131 1975 4240 responsio-

333 4253 411 4334 nis.
443 4251 551 4334 Item
573 4253 928 4337 sentencianimus
951 4253 1068 4364 quod
1099 4249 1256 4336 adhoc
1277 4251 1651 4336 consummandum
1689 4261 1730 4334 et
1757 4248 1976 4362 perficien-

436 4433 474 4514 (η
497 4431 573 4498 Hoc
588 4432 662 4499 loco
677 4433 711 4498 in
725 4434 837 4500 tabula
851 4436 987 4522 legitur:
1010 4460 1111 4519 amca,
1133 4432 1266 4500 verbum
1280 4432 1513 4500 abbreviatum.
1552 4433 1727 4502 Slewir‘rski
1741 4433 1776 4499 in
1790 4432 1975 4520 parenthesi

333 4517 465 4586 scribit:
487 4518 650 4584 cerct'ontm.l
665 4523 800 4586 ambae?

436 4605 475 4686 (³)
496 4603 572 4668 Pro:
594 4603 743 4668 ordinem.

434 4690 477 4770 (⁴)
499 4689 654 4754 Protesi.

436 4779 474 4856 (ll
498 4773 576 4838 Pro:
599 4771 785 4839 Pilcaearir.

437 4861 475 4940 (⁶)
498 4857 645 4926 Verbum
662 4858 826 4942 quoddam
842 4860 1028 4940 (character
1040 4883 1077 4948 p,
1085 4859 1149 4950 fit)
1163 4859 1302 4926 sonasse
1313 4881 1372 4944 per
1388 4856 1584 4926 oblivionem
1601 4859 1770 4946 scriptum.
