4890 5924
1050 679 1087 724 ’·
1147 695 1435 778 -asr-·

447 911 582 1022 ipsius
601 905 843 1019 monasterii
864 913 909 988 et
924 902 1114 1016 ⁸quedam
1138 902 1389 1012 gravamina
1407 899 1449 982 in
1471 897 1582 984 villis
1596 899 1909 1008 polonicalibus
1932 903 2126 1013 plerum-⁴

443 1041 533 1138 *que
554 1023 831 1135 emergeuoia'
843 1014 1106 1106 commodius
1127 1017 1330 1101 enitendo
1351 1013 1407 1100 de
1425 1019 1519 1104 iure
1536 1019 1733 1128 polonico
1753 1021 1883 1108 in'ius
1902 1022 2120 1124 theutuni-

448 1129 889 1256 cum(sic)transie1re
907 1139 1190 1251 dignaremur.
1215 1161 1292 1218 nos
1313 1137 1462 1246 itaque
1478 1137 1535 1221 ob
1548 1141 1844 1235 'reverenciam
1857 1143 1903 1222 ot
1914 1141 2128 1227 honorem’

448 1257 724 1344 sanctissime
756 1248 906 1343 orceis
927 1255 967 1337 in
989 1254 1310 1372 remediumque
1340 1256 1484 1336 nostre
1507 1281 1561 1336 ac
1581 1259 1805 1363 pareutum
1827 1268 1873 1340 et
1889 1258 2131 1366 predecesw·

446 1403 589 1463 sorum
608 1387 848 1461 nostrorum
869 1373 1036 1476 salutis,
1066 1373 1276 1480 iustisque
1296 1371 1578 1478 peticionibus
1599 1373 1780 1481 predicti
1802 1373 1960 1459 domini
1977 1376 2129 1465 abba.

444 1495 499 1575 tis
521 1503 573 1575 et,
583 1492 759 1576 fratrum
790 1492 854 1574 sui
876 1499 1108 1574 conventus
1145 1483 1439 1570 favorabilius
1458 1490 1664 1592 inclinati,
1702 1491 1867 1572 exnunc
1904 1519 2051 1575 omnes
2073 1503 2118 1578 et

445 1609 637 1720 singulas
658 1609 781 1692 villas
804 1607 859 1688 ad
881 1603 1031 1687 calvum
1051 1617 1214 1686 montem
1235 1599 1290 1714 (³)
1313 1605 1464 1688 sivein
1485 1605 1679 1714 Losaecz
1698 1609 1977 1712 pertinentes,
2010 1607 2120 1721 Slop
2180 1699 2182 1702 ,
2216 1719 2226 1735 .

316 1799 322 1806 .
446 1728 662 1810 civitatem
698 1754 795 1807 cum
830 1721 972 1806 villula
992 1723 1073 1804 sibi
1094 1721 1343 1822 adiacenti‚'
1360 1748 1444 1829 que
1478 1723 1634 1806 eodem‘
1660 1725 1829 1806 nomine
1863 1723 1982 1836 Slopi
1995 1727 2115 1833 apel·
2194 1799 2197 1814 ‚

443 1843 554 1926 latur
579 1852 659 1924 eto.
680 1851 807 1950 prout
825 1839 868 1920 in
890 1841 976 1920 suis
997 1841 1122 1921 metis
1160 1848 1203 1920 et
1238 1839 1425 1919 terminis
1444 1838 1901 1924 circumferencialiter
1932 1869 1982 1922 ex
2005 1841 2114 1924 anti-

445 1985 532 2070 quo
569 1967 668 2041 suut
704 1959 901 2039 distincte
925 1965 968 2036 et
985 1955 1180 2054 limitata,
1204 1947 1257 2034 (le
1278 1956 1365 2063 iure
1402 1956 1597 2060 polonico
1633 1959 1677 2039 in
1713 1958 1778 2039 ius
1815 1957 2112 2042 theutunicum

443 2074 651 2178 Novifori‚
674 2075 791 2187 quod
814 2071 1002 2155 Sredszlce
1023 2073 1254 2181 vulgariter
1286 2072 1449 2172 dicitur,
1480 2072 1772 2156 transferimus
1803 2083 2010 2185 perpetuo
2035 2075 2112 2158 du·

442 2201 650 2293 ramnum,
671 2198 938 2312 remouentes
961 2191 1004 2268 in
1026 2189 1184 2270 eisdem
1215 2188 1321 2270 villis
1354 2189 1550 2272 omnibus
1573 2191 1827 2274 omniaiura
1842 2193 2110 2300 'polonicalia‚

195 2343 201 2350 ·
316 2325 319 2330 ’
443 2309 592 2393 modos
614 2317 658 2390 et
676 2302 1024 2420 consuetudines,
1047 2307 1246 2417 angarias
1270 2314 1313 2386 et
1334 2310 1611 2416 preaugarias
1633 2307 1873 2413 uniuersas,
1906 2333 2113 2418 quocum·

352 2427 356 2434 ’
443 2453 529 2538 que
547 2427 716 2510 nominc
737 2425 807 2507 uel
827 2449 932 2508 voce
956 2423 1160 2524 dicantur,
1198 2449 1282 2530 que
1319 2423 1458 2532 ipsum
1489 2425 1554 2504 ius
1575 2423 1866 2508 theutonicum
1903 2425 2110 2532 impedite

443 2553 776 2648 consueverunt3
807 2551 1004 2652 preterea
1035 2541 1312 2624 absolvimus·
1336 2541 1586 2648 predictum·
1608 2541 1821 2626 dominum
1845 2541 2044 2626 abbatem
2067 2554 2112 2626 ct·
2242 2593 2245 2603 =

445 2685 591 2745 omnes
613 2655 763 2744 fratres
784 2661 850 2742 sui
872 2667 1108 2744 conventus
1132 2667 1175 2739 et
1195 2655 1463 2740 successures
1487 2657 1692 2766 ipsorum,
1728 2684 1915 2744 necnon
1937 2659 2110 2744 Orneto·

442 2805 518 2860 nes
542 2785 584 2859 et
602 2777 761 2864 incolas
797 2804 848 2859 ac
884 2777 1086 2860 scultetos
1124 2777 1309 2860 omnium
1345 2774 1536 2859 villarum
1567 2775 1622 2860 ab
1645 2773 1851 2880 omnibus,
1876 2777 2041 2862 iudiciis
2065 2787 2107 2859 et

337 2903 344 2918 '
441 2883 784 2980 iurisdiciouibus
805 2896 1108 3003 palatinorum,
1131 2893 1487 2994 castellanorum,
1512 2891 1724 3002 judicum,
1757 2895 2045 2998 subiudicum‚
2069 2905 2133 2978 et·
2218 2887 2227 2896 ’

444 3007 687 3096 officialium
724 3037 1108 3123 quorumcumque,
1132 3019 1173 3092 et
1193 3021 1398 3120 perpetuo
1433 3007 1681 3115 liberamus,
1716 3011 1777 3094 ita
1808 3009 1925 3122 quo-d
1967 3003 2109 3096 coram

442 3125 545 3238 ipsis
566 3129 636 3214 vel
656 3125 799 3212 eorum
821 3130 962 3239 aliquo
984 3155 1061 3238 pro
1083 3127 1222 3209 causis
1243 3129 1412 3239 magnis
1437 3138 1479 3210 et
1498 3131 1659 3237 paruis,
1676 3131 1780 3237 puta
1796 3123 1914 3231 furti,
1935 3127 2111 3238 saugui-

444 3245 529 3350 nis,
559 3239 797 3349 homicidii,
833 3245 1035 3348 incendii,
1059 3255 1108 3327 et·
1123 3245 1212 3328 aliis
1251 3245 1480 3348 universis,
1515 3241 1615 3328 nulli
1649 3247 1817 3356 penitus
1842 3243 2026 3328 debeant
2044 3273 2112 3340 re-
2195 3259 2199 3266 '

443 3363 674 3472 spondere,
695 3361 776 3444 nisi
797 3372 1013 3447 cmetoncs
1034 3361 1228 3446 villarum
1250 3389 1393 3447 coram
1414 3391 1492 3446 suo
1509 3359 1773 3475 sculteto,vel
1790 3363 2000 3448 aduocato
2021 3364 2110 3446 iure

442 3506 519 3572 suo
540 3479 790 3566 theutonico
811 3479 1001 3566 sredensi
1019 3475 1359 3590 respondebunt,
1377 3495 1381 3502 '
1396 3479 1563 3562 sculteti
1584 3509 1685 3566 vero
1707 3511 1792 3568 nou
1814 3479 1915 3566 alias
1936 3481 2016 3564 nisi
2038 3506 2110 3564 oo-

441 3627 533 3682 rcm
554 3601 632 3684 s'uo
654 3595 823 3684 domino
845 3585 1024 3704 abbate,
1045 3598 1114 3683 vel
1135 3599 1269 3682 eciam
1291 3625 1432 3682 coram
1468 3597 1591 3682 nobis
1615 3597 1716 3704 dum
1734 3629 1812 3709 per
1832 3599 2014 3684 litteram
2036 3623 2112 3683 no·

442 3726 529 3800 stro
550 3711 848 3829 Regio'sigillo
871 3719 1085 3828 signatam
1108 3713 1276 3799 euocati
1307 3715 1482 3818 fuerint,
1522 3726 1623 3820 tunc
1646 3717 1766 3798 dese
1789 3713 2111 3826 querulantibus

342 3836 347 3850 '
443 3859 530 3916 non
551 3830 670 3916 aliter
690 3832 834 3917 tamen
856 3861 987 3946 quam
1008 3862 1084 3918 suo
1100 3829 1195 3942 jure
1216 3833 1463 3916 theutunico
1501 3827 1692 3941 superius
1703 3851 1912 3939 'expresso
1933 3854 2112 3941 respon·
2218 3840 2220 3848 ’

444 3953 544 4034 dere
565 3961 802 4034 teneantur.
863 3951 1063 4034 Preterca
1084 3951 1138 4031 de
1159 3958 1302 4033 nostra
1323 3951 1471 4060 gracia
1492 3950 1665 4059 speciali
1686 3953 1832 4033 omries
1857 3957 1899 4031 et
1918 3947 2111 4056 singulas

442 4065 564 4160 uillas
586 4077 630 4150 et
648 4067 809 4152 incolas
847 4066 1090 4160 earumdem
1128 4096 1154 4148 a
1173 4093 1287 4175 pena
1308 4062 1538 4178 Zcploocne
1575 4091 1659 4178 que
1696 4063 1848 4148 dieitur
1877 4067 1921 4148 in
1941 4065 2109 4176 vulgari

349 4191 354 4203 ¹
440 4181 677 4297 Zuplouuno
707 4209 854 4286 szoszoz
885 4181 1077 4296 probior
1093 4183 1352 4268 absolvimus
1377 4193 1419 4264 et
1438 4185 1752 4293 inperpetuum
1784 4180 2031 4286 liberamus,
2052 4181 2114 4266 ito

442 4297 559 4414 quod
597 4300 777 4387 eandem
811 4327 965 4416 penam
1002 4297 1229 4414 Zoploaune
1263 4299 1404 4385 nullus
1434 4300 1746 4432 Palatinorum,
1765 4293 2113 4397 Oastellanorum,

545 4634 586 4732 (Ἰ
611 4633 721 4700 &aaa
753 4631 980 4732 mons,·lrodie
1006 4633 1098 4718 lysa
1109 4633 1198 4719 porc,
1226 4631 1303 4698 olim
1329 4633 1426 4732 elium
1450 4633 1570 4732 Lysiae
1590 4581 1786 4730 appellatus,
1802 4630 1950 4732 villsest
1964 4628 2113 4728 regionis

442 4709 693 4800 Opatomeusis,
716 4717 996 4783 Saudomrneusrs
1011 4716 1220 4814 palatinatus.
1260 4715 1382 4813 Stupro
1394 4737 1475 4784 nova
1488 4713 1613 4783 rbulern
1627 4713 1717 4800 v1lla,
1727 4715 1791 4783 sub
1805 4730 1882 4802 spec
1897 4723 2008 4780 monte
2020 4720 2113 4797 Jaoet

443 4801 727 4875 ermanaricum
741 4805 776 4869 in
790 4799 953 4894 parochia
965 4799 1063 4884 hujus
1079 4799 1174 4867 vilice
1191 4799 1367 4867 iuvenitur.
1580 4827 1583 4834 ·
1823 4840 1843 4854 ..
1875 4829 1878 4852 ι
2007 4829 2013 4856 ι
2096 4840 2110 4852 r.
