<?xml version="1.0" encoding="UTF-8"?>
<!DOCTYPE html PUBLIC "-//W3C//DTD XHTML 1.0 Transitional//EN"
    "http://www.w3.org/TR/xhtml1/DTD/xhtml1-transitional.dtd">
<html xmlns="http://www.w3.org/1999/xhtml" xml:lang="en" lang="en">
 <head>
  <title>
</title>
<meta http-equiv="Content-Type" content="text/html;charset=utf-8" />
  <meta name='ocr-system' content='tesseract 3.04.00' />
  <meta name='ocr-capabilities' content='ocr_page ocr_carea ocr_par ocr_line ocrx_word'/>
</head>
<body>
  <div class='ocr_page' id='page_1' title='image "./codexdiplomatic00bartgoog_0272.png"; bbox 0 0 4890 5924; ppageno 0'>
   <div class='ocr_carea' id='block_1_1' title="bbox 1019 691 1494 808">
    <p class='ocr_par' dir='ltr' id='par_1_1' title="bbox 1019 691 1494 808">
     <span class='ocr_line' id='line_1_1' title="bbox 1019 691 1494 808; baseline -0.017 0"><span class='ocrx_word' id='word_1_1' title='bbox 1019 691 1494 808; x_wconf 51' lang='lat' dir='ltr'>:stmmu&#39;¹</span> 
     </span>
    </p>
   </div>
   <div class='ocr_carea' id='block_1_2' title="bbox 378 887 2191 1593">
    <p class='ocr_par' dir='ltr' id='par_1_2' title="bbox 440 887 2157 1124">
     <span class='ocr_line' id='line_1_2' title="bbox 440 887 2111 1012; baseline -0.007 -23"><span class='ocrx_word' id='word_1_2' title='bbox 440 931 531 989; x_wconf 86' lang='lat' dir='ltr'>ram</span> <span class='ocrx_word' id='word_1_3' title='bbox 569 909 743 1012; x_wconf 75' lang='lat' dir='ltr'>gestans</span> <span class='ocrx_word' id='word_1_4' title='bbox 757 893 807 984; x_wconf 79' lang='lat' dir='ltr'>in</span> <span class='ocrx_word' id='word_1_5' title='bbox 826 892 1045 995; x_wconf 82' lang='lat' dir='ltr'>manibus,</span> <span class='ocrx_word' id='word_1_6' title='bbox 1081 891 1347 1008; x_wconf 67' lang='lat' dir='ltr'>praedictam</span> <span class='ocrx_word' id='word_1_7' title='bbox 1383 889 1571 976; x_wconf 83' lang='lat' dir='ltr'>Causam</span> <span class='ocrx_word' id='word_1_8' title='bbox 1614 887 1873 974; x_wconf 67' lang='lat' dir='ltr'>discerneret</span> <span class='ocrx_word' id='word_1_9' title='bbox 1893 903 1939 974; x_wconf 88' lang='lat' dir='ltr'>et</span> <span class='ocrx_word' id='word_1_10' title='bbox 1958 893 2111 1004; x_wconf 85' lang='lat' dir='ltr'>diiudi-</span> 
     </span>
     <span class='ocr_line' id='line_1_3' title="bbox 443 1007 2157 1124; baseline -0.004 -23"><span class='ocrx_word' id='word_1_11' title='bbox 443 1029 559 1106; x_wconf 77' lang='lat' dir='ltr'>caret</span> <span class='ocrx_word' id='word_1_12' title='bbox 579 1040 630 1100; x_wconf 89' lang='lat' dir='ltr'>ae</span> <span class='ocrx_word' id='word_1_13' title='bbox 649 1017 736 1097; x_wconf 90' lang='lat' dir='ltr'>fine</span> <span class='ocrx_word' id='word_1_14' title='bbox 758 1012 903 1096; x_wconf 85' lang='lat' dir='ltr'>debito</span> <span class='ocrx_word' id='word_1_15' title='bbox 925 1012 1190 1112; x_wconf 87' lang='lat' dir='ltr'>terminaret,</span> <span class='ocrx_word' id='word_1_16' title='bbox 1213 1009 1498 1102; x_wconf 78' lang='lat' dir='ltr'><strong>commisimus</strong></span> <span class='ocrx_word' id='word_1_17' title='bbox 1520 1007 1789 1090; x_wconf 81' lang='lat' dir='ltr'>audiendam.</span> <span class='ocrx_word' id='word_1_18' title='bbox 1851 1009 1951 1096; x_wconf 87' lang='lat' dir='ltr'>Lite</span> <span class='ocrx_word' id='word_1_19' title='bbox 1980 1013 2111 1124; x_wconf 77' lang='lat' dir='ltr'>igitur</span> <span class='ocrx_word' id='word_1_20' title='bbox 2150 1105 2157 1117; x_wconf 53' lang='grc'>,</span> 
     </span>
    </p>

    <p class='ocr_par' dir='ltr' id='par_1_3' title="bbox 378 1123 2191 1593">
     <span class='ocr_line' id='line_1_4' title="bbox 443 1123 2191 1247; baseline -0.004 -24"><span class='ocrx_word' id='word_1_21' title='bbox 443 1129 585 1223; x_wconf 81' lang='lat' dir='ltr'>cerain</span> <span class='ocrx_word' id='word_1_22' title='bbox 605 1137 698 1247; x_wconf 79' lang='lat' dir='ltr'>ipso</span> <span class='ocrx_word' id='word_1_23' title='bbox 721 1135 965 1214; x_wconf 87' lang='lat' dir='ltr'>contestata</span> <span class='ocrx_word' id='word_1_24' title='bbox 999 1130 1203 1236; x_wconf 81' lang='lat' dir='ltr'>praestito</span> <span class='ocrx_word' id='word_1_25' title='bbox 1225 1128 1353 1208; x_wconf 88' lang='lat' dir='ltr'>etiam</span> <span class='ocrx_word' id='word_1_26' title='bbox 1375 1123 1629 1208; x_wconf 75' lang='lat' dir='ltr'>duramento</span> <span class='ocrx_word' id='word_1_27' title='bbox 1652 1125 1704 1206; x_wconf 90' lang='lat' dir='ltr'>de</span> <span class='ocrx_word' id='word_1_28' title='bbox 1725 1129 1908 1210; x_wconf 86' lang='lat' dir='ltr'>veritate</span> <span class='ocrx_word' id='word_1_29' title='bbox 1927 1127 2110 1216; x_wconf 83' lang='lat' dir='ltr'>dicenda</span> <span class='ocrx_word' id='word_1_30' title='bbox 2152 1129 2156 1135; x_wconf 74' lang='grc'><strong>’</strong></span> <span class='ocrx_word' id='word_1_31' title='bbox 2184 1191 2191 1200; x_wconf 89' lang='lat'>-</span> 
     </span>
     <span class='ocr_line' id='line_1_5' title="bbox 378 1241 2111 1360; baseline -0.002 -22"><span class='ocrx_word' id='word_1_32' title='bbox 378 1277 383 1284; x_wconf 84' lang='grc'><em>·</em></span> <span class='ocrx_word' id='word_1_33' title='bbox 441 1266 483 1339; x_wconf 88' lang='lat' dir='ltr'>et</span> <span class='ocrx_word' id='word_1_34' title='bbox 503 1255 683 1336; x_wconf 90' lang='lat' dir='ltr'>testibus</span> <span class='ocrx_word' id='word_1_35' title='bbox 705 1241 924 1360; x_wconf 84' lang='lat' dir='ltr'>productis</span> <span class='ocrx_word' id='word_1_36' title='bbox 946 1256 989 1330; x_wconf 86' lang='lat' dir='ltr'>et</span> <span class='ocrx_word' id='word_1_37' title='bbox 1010 1247 1069 1327; x_wconf 89' lang='lat' dir='ltr'>eis</span> <span class='ocrx_word' id='word_1_38' title='bbox 1090 1245 1322 1354; x_wconf 80' lang='lat' dir='ltr'>prudenter</span> <span class='ocrx_word' id='word_1_39' title='bbox 1354 1244 1601 1328; x_wconf 85' lang='lat' dir='ltr'>examinatis</span> <span class='ocrx_word' id='word_1_40' title='bbox 1634 1245 1685 1324; x_wconf 81' lang='lat' dir='ltr'>et&#39;</span> <span class='ocrx_word' id='word_1_41' title='bbox 1706 1244 1940 1328; x_wconf 69' lang='lat' dir='ltr'>solenniter</span> <span class='ocrx_word' id='word_1_42' title='bbox 1967 1249 2111 1355; x_wconf 87' lang='lat' dir='ltr'>publi-</span> 
     </span>
     <span class='ocr_line' id='line_1_6' title="bbox 442 1359 2111 1474; baseline -0.005 -18"><span class='ocrx_word' id='word_1_43' title='bbox 442 1373 571 1474; x_wconf 84' lang='lat' dir='ltr'>catis,</span> <span class='ocrx_word' id='word_1_44' title='bbox 607 1371 707 1454; x_wconf 82' lang='lat' dir='ltr'>visis</span> <span class='ocrx_word' id='word_1_45' title='bbox 744 1368 872 1450; x_wconf 89' lang='lat' dir='ltr'>etiam</span> <span class='ocrx_word' id='word_1_46' title='bbox 914 1363 1196 1474; x_wconf 77' lang='lat' dir='ltr'>positionibus</span> <span class='ocrx_word' id='word_1_47' title='bbox 1218 1371 1262 1443; x_wconf 90' lang='lat' dir='ltr'>et</span> <span class='ocrx_word' id='word_1_48' title='bbox 1282 1359 1627 1470; x_wconf 81' lang='lat' dir='ltr'>responsionibus</span> <span class='ocrx_word' id='word_1_49' title='bbox 1660 1361 1887 1446; x_wconf 86' lang='lat' dir='ltr'>hincinde</span> <span class='ocrx_word' id='word_1_50' title='bbox 1919 1364 2044 1448; x_wconf 87' lang='lat' dir='ltr'>factis</span> <span class='ocrx_word' id='word_1_51' title='bbox 2067 1378 2111 1450; x_wconf 87' lang='lat' dir='ltr'>et</span> 
     </span>
     <span class='ocr_line' id='line_1_7' title="bbox 440 1477 2112 1593; baseline -0.006 -17"><span class='ocrx_word' id='word_1_52' title='bbox 440 1493 557 1593; x_wconf 89' lang='lat' dir='ltr'>latis,</span> <span class='ocrx_word' id='word_1_53' title='bbox 580 1486 751 1571; x_wconf 81' lang='lat' dir='ltr'>Abbate</span> <span class='ocrx_word' id='word_1_54' title='bbox 773 1481 991 1592; x_wconf 89' lang='lat' dir='ltr'>praedicto</span> <span class='ocrx_word' id='word_1_55' title='bbox 1007 1505 1208 1563; x_wconf 87' lang='lat' dir='ltr'>unacum</span> <span class='ocrx_word' id='word_1_56' title='bbox 1225 1505 1301 1563; x_wconf 87' lang='lat' dir='ltr'>suo</span> <span class='ocrx_word' id='word_1_57' title='bbox 1319 1477 1545 1564; x_wconf 88' lang='lat' dir='ltr'>Conventu</span> <span class='ocrx_word' id='word_1_58' title='bbox 1568 1477 1830 1562; x_wconf 77' lang='lat' dir='ltr'>Sententiam</span> <span class='ocrx_word' id='word_1_59' title='bbox 1851 1484 2112 1590; x_wconf 77' lang='lat' dir='ltr'>postulante,</span> 
     </span>
    </p>
   </div>
   <div class='ocr_carea' id='block_1_3' title="bbox 301 1594 2111 1708">
    <p class='ocr_par' dir='ltr' id='par_1_4' title="bbox 301 1594 2111 1708">
     <span class='ocr_line' id='line_1_8' title="bbox 301 1594 2111 1708; baseline -0.006 -15"><span class='ocrx_word' id='word_1_60' title='bbox 301 1609 308 1616; x_wconf 76' lang='grc'><strong>’</strong></span> <span class='ocrx_word' id='word_1_61' title='bbox 439 1608 613 1691; x_wconf 91' lang='lat' dir='ltr'>tandem</span> <span class='ocrx_word' id='word_1_62' title='bbox 635 1615 684 1688; x_wconf 90' lang='lat' dir='ltr'>ut</span> <span class='ocrx_word' id='word_1_63' title='bbox 703 1601 807 1686; x_wconf 91' lang='lat' dir='ltr'>nihil</span> <span class='ocrx_word' id='word_1_64' title='bbox 846 1603 897 1682; x_wconf 91' lang='lat' dir='ltr'>de</span> <span class='ocrx_word' id='word_1_65' title='bbox 935 1599 1129 1708; x_wconf 85' lang='lat' dir='ltr'>predicta</span> <span class='ocrx_word' id='word_1_66' title='bbox 1161 1599 1305 1684; x_wconf 89' lang='lat' dir='ltr'>Causa</span> <span class='ocrx_word' id='word_1_67' title='bbox 1320 1625 1412 1677; x_wconf 91' lang='lat' dir='ltr'>-seu</span> <span class='ocrx_word' id='word_1_68' title='bbox 1444 1594 1745 1680; x_wconf 78' lang='lat' dir='ltr'>Controversia</span> <span class='ocrx_word' id='word_1_69' title='bbox 1780 1611 2016 1704; x_wconf 87' lang='lat' dir='ltr'>remaneret</span> <span class='ocrx_word' id='word_1_70' title='bbox 2047 1599 2111 1684; x_wconf 66' lang='lat' dir='ltr'>inss</span> 
     </span>
    </p>
   </div>
   <div class='ocr_carea' id='block_1_4' title="bbox 439 1709 2112 2176">
    <p class='ocr_par' dir='ltr' id='par_1_5' title="bbox 439 1709 2112 2176">
     <span class='ocr_line' id='line_1_9' title="bbox 441 1709 2110 1826; baseline -0.003 -18"><span class='ocrx_word' id='word_1_71' title='bbox 441 1728 701 1826; x_wconf 86' lang='lat' dir='ltr'>discussum,</span> <span class='ocrx_word' id='word_1_72' title='bbox 732 1718 985 1804; x_wconf 86' lang='lat' dir='ltr'>Honorabili</span> <span class='ocrx_word' id='word_1_73' title='bbox 1017 1709 1115 1800; x_wconf 79' lang='lat' dir='ltr'>Viro</span> <span class='ocrx_word' id='word_1_74' title='bbox 1148 1717 1285 1799; x_wconf 81' lang='lat' dir='ltr'>Fratri</span> <span class='ocrx_word' id='word_1_75' title='bbox 1305 1723 1449 1798; x_wconf 89' lang='lat' dir='ltr'>nostro</span> <span class='ocrx_word' id='word_1_76' title='bbox 1471 1715 1652 1798; x_wconf 91' lang='lat' dir='ltr'>Domino</span> <span class='ocrx_word' id='word_1_77' title='bbox 1677 1715 1842 1800; x_wconf 86' lang='lat' dir='ltr'>Sbiluto</span> <span class='ocrx_word' id='word_1_78' title='bbox 1863 1719 2110 1825; x_wconf 81' lang='lat' dir='ltr'>Praeposito</span> 
     </span>
     <span class='ocr_line' id='line_1_10' title="bbox 439 1831 2109 1944; baseline -0.006 -16"><span class='ocrx_word' id='word_1_79' title='bbox 439 1833 637 1928; x_wconf 86' lang='lat' dir='ltr'>Plocensi</span> <span class='ocrx_word' id='word_1_80' title='bbox 667 1839 947 1922; x_wconf 89' lang='lat' dir='ltr'>Decretorum</span> <span class='ocrx_word' id='word_1_81' title='bbox 978 1833 1154 1917; x_wconf 88' lang='lat' dir='ltr'>Doctori</span> <span class='ocrx_word' id='word_1_82' title='bbox 1177 1833 1393 1919; x_wconf 89' lang='lat' dir='ltr'>Canonico</span> <span class='ocrx_word' id='word_1_83' title='bbox 1418 1831 1692 1944; x_wconf 75' lang='lat' dir='ltr'>Cracov&#39;iensi</span> <span class='ocrx_word' id='word_1_84' title='bbox 1714 1833 1935 1918; x_wconf 69' lang='lat' dir='ltr'>acdudici</span> <span class='ocrx_word' id='word_1_85' title='bbox 1957 1835 2109 1920; x_wconf 86' lang='lat' dir='ltr'>Curiae</span> 
     </span>
     <span class='ocr_line' id='line_1_11' title="bbox 441 1947 2112 2070; baseline -0.002 -28"><span class='ocrx_word' id='word_1_86' title='bbox 441 1969 614 2044; x_wconf 88' lang='lat' dir='ltr'>nostrae</span> <span class='ocrx_word' id='word_1_87' title='bbox 637 1955 692 2070; x_wconf 88' lang='lat'>(³)</span> <span class='ocrx_word' id='word_1_88' title='bbox 736 1957 926 2037; x_wconf 90' lang='lat' dir='ltr'>dedimus</span> <span class='ocrx_word' id='word_1_89' title='bbox 963 1951 1007 2030; x_wconf 92' lang='lat' dir='ltr'>in</span> <span class='ocrx_word' id='word_1_90' title='bbox 1042 1951 1274 2054; x_wconf 88' lang='lat' dir='ltr'>mandatis,</span> <span class='ocrx_word' id='word_1_91' title='bbox 1306 1957 1354 2037; x_wconf 91' lang='lat' dir='ltr'>ut</span> <span class='ocrx_word' id='word_1_92' title='bbox 1373 1965 1451 2032; x_wconf 85' lang='lat' dir='ltr'>.ex&#39;</span> <span class='ocrx_word' id='word_1_93' title='bbox 1469 1947 1836 2057; x_wconf 87' lang='lat' dir='ltr'>superabundanti</span> <span class='ocrx_word' id='word_1_94' title='bbox 1877 1957 2112 2060; x_wconf 89' lang='lat' dir='ltr'>praemissa</span> 
     </span>
     <span class='ocr_line' id='line_1_12' title="bbox 444 2067 2109 2176; baseline -0.006 -12"><span class='ocrx_word' id='word_1_95' title='bbox 444 2079 584 2164; x_wconf 90' lang='lat' dir='ltr'>omnia</span> <span class='ocrx_word' id='word_1_96' title='bbox 605 2075 929 2176; x_wconf 81' lang='lat' dir='ltr'>examinaretet</span> <span class='ocrx_word' id='word_1_97' title='bbox 951 2095 1048 2150; x_wconf 91' lang='lat' dir='ltr'>oum</span> <span class='ocrx_word' id='word_1_98' title='bbox 1072 2067 1426 2152; x_wconf 75' lang='lat' dir='ltr'>determinatione</span> <span class='ocrx_word' id='word_1_99' title='bbox 1460 2067 1648 2150; x_wconf 84' lang='lat' dir='ltr'>Causam</span> <span class='ocrx_word' id='word_1_100' title='bbox 1679 2069 1816 2176; x_wconf 88' lang='lat' dir='ltr'>ipsam</span> <span class='ocrx_word' id='word_1_101' title='bbox 1854 2071 2109 2155; x_wconf 88' lang='lat' dir='ltr'>Definitivae</span> 
     </span>
    </p>
   </div>
   <div class='ocr_carea' id='block_1_5' title="bbox 445 2184 2248 2299">
    <p class='ocr_par' dir='ltr' id='par_1_6' title="bbox 445 2184 2248 2299">
     <span class='ocr_line' id='line_1_13' title="bbox 445 2184 2248 2299; baseline 0 -24"><span class='ocrx_word' id='word_1_102' title='bbox 445 2195 691 2288; x_wconf 78' lang='lat' dir='ltr'>Sententiae</span> <span class='ocrx_word' id='word_1_103' title='bbox 715 2189 880 2272; x_wconf 86' lang='lat' dir='ltr'>calculo</span> <span class='ocrx_word' id='word_1_104' title='bbox 901 2188 1163 2288; x_wconf 80' lang='lat' dir='ltr'>terminaret,</span> <span class='ocrx_word' id='word_1_105' title='bbox 1187 2187 1381 2293; x_wconf 88' lang='lat' dir='ltr'>quicum</span> <span class='ocrx_word' id='word_1_106' title='bbox 1403 2184 1495 2292; x_wconf 90' lang='lat' dir='ltr'>alys</span> <span class='ocrx_word' id='word_1_107' title='bbox 1518 2184 1665 2268; x_wconf 92' lang='lat' dir='ltr'>habito</span> <span class='ocrx_word' id='word_1_108' title='bbox 1688 2213 1814 2294; x_wconf 90' lang='lat' dir='ltr'>super</span> <span class='ocrx_word' id='word_1_109' title='bbox 1835 2189 1899 2270; x_wconf 88' lang='lat' dir='ltr'>bis</span> <span class='ocrx_word' id='word_1_110' title='bbox 1922 2189 2111 2299; x_wconf 85' lang='lat' dir='ltr'>diligenti</span> <span class='ocrx_word' id='word_1_111' title='bbox 2246 2275 2248 2280; x_wconf 85' lang='grc'>,</span> 
     </span>
    </p>
   </div>
   <div class='ocr_carea' id='block_1_6' title="bbox 415 2302 2111 2533">
    <p class='ocr_par' dir='ltr' id='par_1_7' title="bbox 415 2302 2111 2533">
     <span class='ocr_line' id='line_1_14' title="bbox 443 2302 2111 2416; baseline -0.002 -22"><span class='ocrx_word' id='word_1_112' title='bbox 443 2319 632 2412; x_wconf 85' lang='lat' dir='ltr'>tractatu</span> <span class='ocrx_word' id='word_1_113' title='bbox 653 2319 695 2389; x_wconf 90' lang='lat' dir='ltr'>et</span> <span class='ocrx_word' id='word_1_114' title='bbox 715 2309 904 2416; x_wconf 90' lang='lat' dir='ltr'>ipsorum</span> <span class='ocrx_word' id='word_1_115' title='bbox 999 2331 1093 2388; x_wconf 90' lang='lat' dir='ltr'>rum</span> <span class='ocrx_word' id='word_1_116' title='bbox 1129 2303 1439 2387; x_wconf 86' lang='lat' dir='ltr'>communicato</span> <span class='ocrx_word' id='word_1_117' title='bbox 1472 2302 1669 2406; x_wconf 87' lang='lat' dir='ltr'>consilio,</span> <span class='ocrx_word' id='word_1_118' title='bbox 1700 2303 1782 2384; x_wconf 90' lang='lat' dir='ltr'>Dei</span> <span class='ocrx_word' id='word_1_119' title='bbox 1802 2307 1970 2388; x_wconf 89' lang='lat' dir='ltr'>nomine</span> <span class='ocrx_word' id='word_1_120' title='bbox 1992 2309 2111 2390; x_wconf 91' lang='lat' dir='ltr'>invo-</span> 
     </span>
     <span class='ocr_line' id='line_1_15' title="bbox 415 2419 2111 2533; baseline -0.003 -21"><span class='ocrx_word' id='word_1_121' title='bbox 415 2479 422 2488; x_wconf 94' lang='lat'>·</span> <span class='ocrx_word' id='word_1_122' title='bbox 445 2439 555 2532; x_wconf 83' lang='lat' dir='ltr'>cato,</span> <span class='ocrx_word' id='word_1_123' title='bbox 576 2429 855 2510; x_wconf 86' lang='lat' dir='ltr'>Procuratore</span> <span class='ocrx_word' id='word_1_124' title='bbox 876 2420 1074 2504; x_wconf 90' lang='lat' dir='ltr'>Mscislao</span> <span class='ocrx_word' id='word_1_125' title='bbox 1094 2423 1229 2530; x_wconf 85' lang='lat' dir='ltr'>ipsius</span> <span class='ocrx_word' id='word_1_126' title='bbox 1246 2419 1429 2502; x_wconf 81' lang='lat' dir='ltr'>Abbatis</span> <span class='ocrx_word' id='word_1_127' title='bbox 1448 2429 1490 2499; x_wconf 91' lang='lat' dir='ltr'>et</span> <span class='ocrx_word' id='word_1_128' title='bbox 1507 2419 1754 2504; x_wconf 80' lang='lat' dir='ltr'>Conventus</span> <span class='ocrx_word' id='word_1_129' title='bbox 1775 2422 1966 2532; x_wconf 81' lang='lat' dir='ltr'>legitimo</span> <span class='ocrx_word' id='word_1_130' title='bbox 1988 2453 2111 2533; x_wconf 90' lang='lat' dir='ltr'>prae-</span> 
     </span>
    </p>
   </div>
   <div class='ocr_carea' id='block_1_7' title="bbox 294 2539 2320 2769">
    <p class='ocr_par' dir='ltr' id='par_1_8' title="bbox 294 2539 2320 2769">
     <span class='ocr_line' id='line_1_16' title="bbox 294 2539 2320 2648; baseline -0.008 -13"><span class='ocrx_word' id='word_1_131' title='bbox 294 2619 302 2635; x_wconf 83' lang='lat'>.</span> <span class='ocrx_word' id='word_1_132' title='bbox 444 2553 585 2648; x_wconf 86' lang='lat' dir='ltr'>sente,</span> <span class='ocrx_word' id='word_1_133' title='bbox 621 2543 775 2625; x_wconf 85' lang='lat' dir='ltr'>nostris</span> <span class='ocrx_word' id='word_1_134' title='bbox 811 2563 912 2623; x_wconf 86' lang='lat' dir='ltr'>vero</span> <span class='ocrx_word' id='word_1_135' title='bbox 949 2539 1299 2622; x_wconf 89' lang='lat' dir='ltr'>Proouratoribus</span> <span class='ocrx_word' id='word_1_136' title='bbox 1338 2539 1589 2620; x_wconf 88' lang='lat' dir='ltr'>absentibus</span> <span class='ocrx_word' id='word_1_137' title='bbox 1612 2539 1770 2622; x_wconf 85' lang='lat' dir='ltr'>adhoc</span> <span class='ocrx_word' id='word_1_138' title='bbox 1808 2541 2023 2648; x_wconf 89' lang='lat' dir='ltr'>deputatis</span> <span class='ocrx_word' id='word_1_139' title='bbox 2056 2547 2111 2627; x_wconf 93' lang='lat' dir='ltr'>ad</span> <span class='ocrx_word' id='word_1_140' title='bbox 2319 2630 2320 2633; x_wconf 0' lang='lat' dir='ltr'>a</span> 
     </span>
     <span class='ocr_line' id='line_1_17' title="bbox 447 2651 2110 2769; baseline -0.003 -23"><span class='ocrx_word' id='word_1_141' title='bbox 447 2663 702 2746; x_wconf 89' lang='lat' dir='ltr'>audiendam</span> <span class='ocrx_word' id='word_1_142' title='bbox 740 2655 1003 2742; x_wconf 83' lang='lat' dir='ltr'>Sententiam</span> <span class='ocrx_word' id='word_1_143' title='bbox 1041 2657 1320 2769; x_wconf 84' lang='lat' dir='ltr'>definitivam,</span> <span class='ocrx_word' id='word_1_144' title='bbox 1360 2651 1516 2739; x_wconf 79' lang='lat' dir='ltr'>Citatis&#39;</span> <span class='ocrx_word' id='word_1_145' title='bbox 1549 2667 1692 2736; x_wconf 89' lang='lat' dir='ltr'>tamen</span> <span class='ocrx_word' id='word_1_146' title='bbox 1731 2658 1782 2738; x_wconf 91' lang='lat' dir='ltr'>de</span> <span class='ocrx_word' id='word_1_147' title='bbox 1815 2667 1961 2742; x_wconf 89' lang='lat' dir='ltr'>nostra</span> <span class='ocrx_word' id='word_1_148' title='bbox 1991 2673 2110 2746; x_wconf 88' lang='lat' dir='ltr'>certa</span> 
     </span>
    </p>
   </div>
   <div class='ocr_carea' id='block_1_8' title="bbox 368 2752 2227 3716">
    <p class='ocr_par' dir='ltr' id='par_1_9' title="bbox 446 2752 2138 2881">
     <span class='ocr_line' id='line_1_18' title="bbox 446 2752 2138 2881; baseline -0.001 -19"><span class='ocrx_word' id='word_1_149' title='bbox 446 2779 642 2880; x_wconf 87' lang='lat' dir='ltr'>scientia,</span> <span class='ocrx_word' id='word_1_150' title='bbox 666 2775 905 2856; x_wconf 91' lang='lat' dir='ltr'>definiendo</span> <span class='ocrx_word' id='word_1_151' title='bbox 926 2777 1203 2880; x_wconf 88' lang='lat' dir='ltr'>pronuntiant</span> <span class='ocrx_word' id='word_1_152' title='bbox 1224 2783 1268 2855; x_wconf 91' lang='lat' dir='ltr'>et</span> <span class='ocrx_word' id='word_1_153' title='bbox 1289 2752 1619 2881; x_wconf 83' lang='lat' dir='ltr'>pronunciando</span> <span class='ocrx_word' id='word_1_154' title='bbox 1632 2773 1857 2881; x_wconf 89' lang='lat' dir='ltr'>definiunt,</span> <span class='ocrx_word' id='word_1_155' title='bbox 1889 2777 2110 2861; x_wconf 91' lang='lat' dir='ltr'>Decimam</span> <span class='ocrx_word' id='word_1_156' title='bbox 2131 2835 2138 2848; x_wconf 89' lang='lat'><strong>·</strong></span> 
     </span>
    </p>

    <p class='ocr_par' dir='ltr' id='par_1_10' title="bbox 368 2889 2227 3716">
     <span class='ocr_line' id='line_1_19' title="bbox 443 2889 2207 3000; baseline -0.001 -19"><span class='ocrx_word' id='word_1_157' title='bbox 443 2903 487 2982; x_wconf 93' lang='lat' dir='ltr'>in</span> <span class='ocrx_word' id='word_1_158' title='bbox 506 2893 687 2978; x_wconf 78' lang='lat' dir='ltr'>Poleato</span> <span class='ocrx_word' id='word_1_159' title='bbox 708 2893 764 2973; x_wconf 87' lang='lat' dir='ltr'>ad</span> <span class='ocrx_word' id='word_1_160' title='bbox 783 2889 1023 2974; x_wconf 81' lang='lat' dir='ltr'>Ecclesiam</span> <span class='ocrx_word' id='word_1_161' title='bbox 1044 2899 1088 2976; x_wconf 88' lang='lat' dir='ltr'>et</span> <span class='ocrx_word' id='word_1_162' title='bbox 1108 2893 1164 2974; x_wconf 88' lang='lat' dir='ltr'>ad</span> <span class='ocrx_word' id='word_1_163' title='bbox 1184 2891 1403 2974; x_wconf 85' lang='lat' dir='ltr'>Abbatem</span> <span class='ocrx_word' id='word_1_164' title='bbox 1441 2892 1739 3000; x_wconf 83' lang='lat' dir='ltr'>Tynecensem</span> <span class='ocrx_word' id='word_1_165' title='bbox 1770 2923 1857 2976; x_wconf 90' lang='lat' dir='ltr'>una</span> <span class='ocrx_word' id='word_1_166' title='bbox 1879 2923 1974 2978; x_wconf 88' lang='lat' dir='ltr'>cum</span> <span class='ocrx_word' id='word_1_167' title='bbox 1998 2895 2113 2980; x_wconf 91' lang='lat' dir='ltr'>Con·</span> <span class='ocrx_word' id='word_1_168' title='bbox 2203 2975 2207 2980; x_wconf 87' lang='lat'>.</span> 
     </span>
     <span class='ocr_line' id='line_1_20' title="bbox 445 3006 2111 3126; baseline -0.003 -26"><span class='ocrx_word' id='word_1_169' title='bbox 445 3011 674 3101; x_wconf 72' lang='lat' dir='ltr'>venor‘suo</span> <span class='ocrx_word' id='word_1_170' title='bbox 696 3021 739 3092; x_wconf 91' lang='lat' dir='ltr'>et</span> <span class='ocrx_word' id='word_1_171' title='bbox 759 3006 815 3092; x_wconf 90' lang='lat' dir='ltr'>ad</span> <span class='ocrx_word' id='word_1_172' title='bbox 835 3009 1037 3095; x_wconf 89' lang='lat' dir='ltr'>utilitates</span> <span class='ocrx_word' id='word_1_173' title='bbox 1068 3011 1257 3118; x_wconf 91' lang='lat' dir='ltr'>ipsorum</span> <span class='ocrx_word' id='word_1_174' title='bbox 1290 3011 1552 3094; x_wconf 89' lang='lat' dir='ltr'>omnimodas</span> <span class='ocrx_word' id='word_1_175' title='bbox 1595 3009 1857 3120; x_wconf 83' lang='lat' dir='ltr'>temporibus</span> <span class='ocrx_word' id='word_1_176' title='bbox 1896 3015 2111 3126; x_wconf 87' lang='lat' dir='ltr'>perpetuis</span> 
     </span>
     <span class='ocr_line' id='line_1_21' title="bbox 442 3127 2112 3246; baseline 0.003 -34"><span class='ocrx_word' id='word_1_177' title='bbox 442 3133 664 3246; x_wconf 86' lang='lat' dir='ltr'>pertinere.</span> <span class='ocrx_word' id='word_1_178' title='bbox 702 3130 892 3212; x_wconf 84' lang='lat' dir='ltr'>In-ouius</span> <span class='ocrx_word' id='word_1_179' title='bbox 914 3129 973 3210; x_wconf 93' lang='lat' dir='ltr'>rei</span> <span class='ocrx_word' id='word_1_180' title='bbox 995 3129 1281 3210; x_wconf 87' lang='lat' dir='ltr'>testimonium</span> <span class='ocrx_word' id='word_1_181' title='bbox 1305 3129 1359 3212; x_wconf 87' lang='lat' dir='ltr'>ed</span> <span class='ocrx_word' id='word_1_182' title='bbox 1383 3127 1638 3223; x_wconf 87' lang='lat' dir='ltr'>evidentiam</span> <span class='ocrx_word' id='word_1_183' title='bbox 1658 3129 1890 3238; x_wconf 89' lang='lat' dir='ltr'>pleniorem</span> <span class='ocrx_word' id='word_1_184' title='bbox 1911 3127 2112 3242; x_wconf 79' lang='lat' dir='ltr'>Sigillum</span> 
     </span>
     <span class='ocr_line' id='line_1_22' title="bbox 443 3233 2111 3356; baseline -0.001 -23"><span class='ocrx_word' id='word_1_185' title='bbox 443 3259 633 3334; x_wconf 89' lang='lat' dir='ltr'>nostrum</span> <span class='ocrx_word' id='word_1_186' title='bbox 684 3241 978 3356; x_wconf 88' lang='lat' dir='ltr'>praesentibus</span> <span class='ocrx_word' id='word_1_187' title='bbox 1021 3254 1087 3325; x_wconf 90' lang='lat' dir='ltr'>est</span> <span class='ocrx_word' id='word_1_188' title='bbox 1125 3273 1372 3356; x_wconf 89' lang='lat' dir='ltr'>appensum.</span> <span class='ocrx_word' id='word_1_189' title='bbox 1424 3233 1582 3330; x_wconf 79' lang='lat' dir='ltr'>Actum</span> <span class='ocrx_word' id='word_1_190' title='bbox 1618 3265 1661 3328; x_wconf 91' lang='lat' dir='ltr'>et</span> <span class='ocrx_word' id='word_1_191' title='bbox 1697 3245 1859 3330; x_wconf 88' lang='lat' dir='ltr'>Datum</span> <span class='ocrx_word' id='word_1_192' title='bbox 1899 3243 2111 3332; x_wconf 82' lang='lat' dir='ltr'>Crocoor&#39;oe&#39;</span> 
     </span>
     <span class='ocr_line' id='line_1_23' title="bbox 368 3361 2113 3468; baseline 0.001 -18"><span class='ocrx_word' id='word_1_193' title='bbox 368 3398 370 3407; x_wconf 92' lang='lat'>·</span> <span class='ocrx_word' id='word_1_194' title='bbox 445 3363 603 3468; x_wconf 83' lang='lat' dir='ltr'>Quinto</span> <span class='ocrx_word' id='word_1_195' title='bbox 624 3367 726 3451; x_wconf 89' lang='lat' dir='ltr'>Idus</span> <span class='ocrx_word' id='word_1_196' title='bbox 746 3361 999 3448; x_wconf 87' lang='lat' dir='ltr'>Decembris</span> <span class='ocrx_word' id='word_1_197' title='bbox 1031 3361 1156 3448; x_wconf 85' lang='lat' dir='ltr'>Anno</span> <span class='ocrx_word' id='word_1_198' title='bbox 1188 3363 1358 3448; x_wconf 90' lang='lat' dir='ltr'>Domini</span> <span class='ocrx_word' id='word_1_199' title='bbox 1389 3361 1613 3448; x_wconf 89' lang='lat' dir='ltr'>Millesimo</span> <span class='ocrx_word' id='word_1_200' title='bbox 1637 3365 1957 3452; x_wconf 83' lang='lat' dir='ltr'>Trecentesimo</span> <span class='ocrx_word' id='word_1_201' title='bbox 1980 3363 2113 3468; x_wconf 80' lang='lat' dir='ltr'>Quin-</span> 
     </span>
     <span class='ocr_line' id='line_1_24' title="bbox 446 3479 2227 3596; baseline 0.001 -28"><span class='ocrx_word' id='word_1_202' title='bbox 446 3510 533 3596; x_wconf 86' lang='lat' dir='ltr'>qua</span> <span class='ocrx_word' id='word_1_203' title='bbox 569 3481 881 3568; x_wconf 70' lang='lat' dir='ltr'>esimo‘Tertio.</span> <span class='ocrx_word' id='word_1_204' title='bbox 943 3479 1245 3566; x_wconf 87' lang='lat' dir='ltr'>Praesentibus</span> <span class='ocrx_word' id='word_1_205' title='bbox 1268 3481 1472 3566; x_wconf 85' lang='lat' dir='ltr'>Testibus</span> <span class='ocrx_word' id='word_1_206' title='bbox 1493 3479 1701 3566; x_wconf 89' lang='lat' dir='ltr'>Discretis</span> <span class='ocrx_word' id='word_1_207' title='bbox 1724 3481 1853 3567; x_wconf 86' lang='lat' dir='ltr'>Viris:</span> <span class='ocrx_word' id='word_1_208' title='bbox 1898 3483 2112 3571; x_wconf 79' lang='lat' dir='ltr'>Stanislao</span> <span class='ocrx_word' id='word_1_209' title='bbox 2224 3491 2227 3496; x_wconf 70' lang='grc'><strong><em>’</em></strong></span> 
     </span>
     <span class='ocr_line' id='line_1_25' title="bbox 440 3514 2114 3716; baseline -0.001 -28"><span class='ocrx_word' id='word_1_210' title='bbox 440 3514 624 3688; x_wconf 67' lang='lat' dir='ltr'>Pubiico</span> <span class='ocrx_word' id='word_1_211' title='bbox 645 3601 840 3706; x_wconf 77' lang='lat' dir='ltr'>Notario,</span> <span class='ocrx_word' id='word_1_212' title='bbox 872 3597 1049 3685; x_wconf 89' lang='lat' dir='ltr'>Cimado</span> <span class='ocrx_word' id='word_1_213' title='bbox 1072 3599 1185 3716; x_wconf 86' lang='lat' dir='ltr'>(sic)¹</span> <span class='ocrx_word' id='word_1_214' title='bbox 1204 3599 1476 3686; x_wconf 86' lang='lat' dir='ltr'>Cubiculario</span> <span class='ocrx_word' id='word_1_215' title='bbox 1507 3600 1679 3684; x_wconf 93' lang='lat' dir='ltr'>Domini</span> <span class='ocrx_word' id='word_1_216' title='bbox 1708 3599 1919 3716; x_wconf 83' lang='lat' dir='ltr'>Episcopi</span> <span class='ocrx_word' id='word_1_217' title='bbox 1955 3597 2114 3688; x_wconf 81' lang='lat' dir='ltr'>Craco&#39;-</span> 
     </span>
    </p>
   </div>
   <div class='ocr_carea' id='block_1_9' title="bbox 297 3717 1918 3846">
    <p class='ocr_par' dir='ltr' id='par_1_11' title="bbox 297 3717 1918 3846">
     <span class='ocr_line' id='line_1_26' title="bbox 297 3717 1918 3846; baseline -0.001 -42"><span class='ocrx_word' id='word_1_218' title='bbox 297 3779 302 3788; x_wconf 85' lang='lat'><em>-</em></span> <span class='ocrx_word' id='word_1_219' title='bbox 445 3721 622 3824; x_wconf 77' lang='lat' dir='ltr'>viensis,</span> <span class='ocrx_word' id='word_1_220' title='bbox 644 3719 887 3805; x_wconf 84' lang='lat' dir='ltr'>Theodrieo</span> <span class='ocrx_word' id='word_1_221' title='bbox 909 3717 1095 3824; x_wconf 89' lang='lat' dir='ltr'>Clerico‚</span> <span class='ocrx_word' id='word_1_222' title='bbox 1113 3728 1156 3800; x_wconf 91' lang='lat' dir='ltr'>et</span> <span class='ocrx_word' id='word_1_223' title='bbox 1177 3717 1268 3846; x_wconf 83' lang='lat' dir='ltr'>aliis</span> <span class='ocrx_word' id='word_1_224' title='bbox 1289 3720 1634 3838; x_wconf 85' lang='lat' dir='ltr'>multistestibus</span> <span class='ocrx_word' id='word_1_225' title='bbox 1657 3719 1742 3804; x_wconf 91' lang='lat' dir='ltr'>fide</span> <span class='ocrx_word' id='word_1_226' title='bbox 1766 3721 1918 3834; x_wconf 85' lang='lat' dir='ltr'>dignis.</span> 
     </span>
    </p>
   </div>
   <div class='ocr_carea' id='block_1_10' title="bbox 549 3943 2173 4130">
    <p class='ocr_par' dir='ltr' id='par_1_12' title="bbox 549 3943 2173 4130">
     <span class='ocr_line' id='line_1_27' title="bbox 549 3943 2173 4130; baseline 0.002 -89"><span class='ocrx_word' id='word_1_227' title='bbox 549 3977 593 4060; x_wconf 79' lang='lat'>(³)</span> <span class='ocrx_word' id='word_1_228' title='bbox 615 3975 728 4063; x_wconf 63' lang='lat' dir='ltr'>Ztylut</span> <span class='ocrx_word' id='word_1_229' title='bbox 742 3977 911 4130; x_wconf 52' lang='lat' dir='ltr'>{polonice</span> <span class='ocrx_word' id='word_1_230' title='bbox 929 3977 1156 4064; x_wconf 85' lang='lat' dir='ltr'>,decretorum</span> <span class='ocrx_word' id='word_1_231' title='bbox 1162 3953 1301 4061; x_wconf 80' lang='lat' dir='ltr'>doctor,</span> <span class='ocrx_word' id='word_1_232' title='bbox 1313 3979 1525 4064; x_wconf 82' lang='lat' dir='ltr'>praepositus</span> <span class='ocrx_word' id='word_1_233' title='bbox 1540 3943 1709 4068; x_wconf 82' lang='lat' dir='ltr'>plocensis</span> <span class='ocrx_word' id='word_1_234' title='bbox 1723 3977 1847 4066; x_wconf 77' lang='lat' dir='ltr'>legitur</span> <span class='ocrx_word' id='word_1_235' title='bbox 1861 3979 1895 4046; x_wconf 92' lang='lat' dir='ltr'>in</span> <span class='ocrx_word' id='word_1_236' title='bbox 1908 3987 2026 4046; x_wconf 87' lang='lat' dir='ltr'>nostro</span> <span class='ocrx_word' id='word_1_237' title='bbox 2043 3947 2113 4088; x_wconf 32' lang='lat' dir='ltr'>Co·-</span> <span class='ocrx_word' id='word_1_238' title='bbox 2164 4065 2173 4094; x_wconf 36' lang='grc' dir='ltr'><strong>ι</strong></span> 
     </span>
    </p>
   </div>
   <div class='ocr_carea' id='block_1_11' title="bbox 446 4059 1488 4151">
    <p class='ocr_par' dir='ltr' id='par_1_13' title="bbox 446 4059 1488 4151">
     <span class='ocr_line' id='line_1_28' title="bbox 446 4059 1488 4151; baseline 0 -23"><span class='ocrx_word' id='word_1_239' title='bbox 446 4059 520 4128; x_wconf 85' lang='lat' dir='ltr'>dice</span> <span class='ocrx_word' id='word_1_240' title='bbox 535 4062 600 4144; x_wconf 83' lang='lat' dir='ltr'>jam</span> <span class='ocrx_word' id='word_1_241' title='bbox 614 4076 727 4130; x_wconf 85' lang='lat' dir='ltr'>mense</span> <span class='ocrx_word' id='word_1_242' title='bbox 773 4061 925 4130; x_wconf 76' lang='lat' dir='ltr'>ebramio</span> <span class='ocrx_word' id='word_1_243' title='bbox 934 4061 1016 4129; x_wconf 81' lang='lat'>1348</span> <span class='ocrx_word' id='word_1_244' title='bbox 1031 4059 1088 4146; x_wconf 85' lang='grc' dir='ltr'>(Τ.</span> <span class='ocrx_word' id='word_1_245' title='bbox 1103 4061 1146 4148; x_wconf 88' lang='lat'>11,</span> <span class='ocrx_word' id='word_1_246' title='bbox 1162 4085 1240 4151; x_wconf 83' lang='lat' dir='ltr'>pag.</span> <span class='ocrx_word' id='word_1_247' title='bbox 1256 4065 1316 4131; x_wconf 78' lang='lat'>281</span> <span class='ocrx_word' id='word_1_248' title='bbox 1334 4077 1367 4129; x_wconf 84' lang='lat' dir='ltr'>et</span> <span class='ocrx_word' id='word_1_249' title='bbox 1382 4065 1488 4146; x_wconf 85' lang='lat'>1350).</span> 
     </span>
    </p>
   </div>
   <div class='ocr_carea' id='block_1_12' title="bbox 928 4247 932 4256">
    <p class='ocr_par' dir='ltr' id='par_1_14' title="bbox 928 4247 932 4256">
     <span class='ocr_line' id='line_1_29' title="bbox 928 4247 932 4256; baseline 0 0"><span class='ocrx_word' id='word_1_250' title='bbox 928 4247 932 4256; x_wconf 86' lang='grc' dir='ltr'><em>ι</em></span> 
     </span>
    </p>
   </div>
   <div class='ocr_carea' id='block_1_13' title="bbox 0 0 2450 5924">
    <p class='ocr_par' dir='ltr' id='par_1_15' title="bbox 0 0 2450 5924">
     <span class='ocr_line' id='line_1_30' title="bbox 0 0 2450 5924; baseline 0 0"><span class='ocrx_word' id='word_1_251' title='bbox 0 0 2450 5924; x_wconf 95' lang='lat' dir='ltr'> </span> 
     </span>
    </p>
   </div>
  </div>
 </body>
</html>
