4856 5932
1088 668 1359 746 -388-

928 1185 946 1198 ,,
1002 1182 1015 1204 ,
1120 1050 1313 1209 olori.

528 1267 1001 1438 draconino-dic
1026 1333 1225 1418 meam
1247 1304 1326 1420 29
1352 1263 1548 1422 Manilii
1570 1330 1717 1422 14²8
1745 1355 1913 1424 anno.

390 1549 541 1625 linario
556 1512 727 1648 liiterarbri
746 1543 898 1654 Ponticis
925 1545 1048 1632 ulmi
1075 1553 1240 1628 inocentii
1266 1548 1347 1626 rr-ti
1375 1554 1560 1643 monaterio
1589 1555 1794 1649 sudabant
1823 1573 2049 1643 romanum,

384 1743 387 1750 ,
515 1759 520 1764 .
572 1753 604 1790 ¹
764 1657 939 1766 aUZbipneo
954 1653 996 1728 ‹le'
1009 1655 1148 1726 Olonico
1162 1657 1301 1756 apheopo
1317 1655 1503 1730 cracoviensi
1516 1657 1662 1741 lutat).
1739 1758 1743 1784 r
1987 1651 1990 1662 ’

493 1861 582 1948 Nos
605 1863 817 1978 Sbigneus
840 1865 986 1948 diuina
1015 1873 1058 1948 et
1078 1857 1307 1975 apostolice
1343 1865 1456 1982 sedis
1492 1865 1767 1977 prouidencia
1801 1865 2039 1978 Episcopus

388 1983 683 2068 Oracoui'en'sis
706 1983 749 2070 Si
754 1983 1007 2097 gnificamus
1028 1994 1175 2070 tenore
1195 1987 1463 2098 presencium
1499 1985 1655 2098 quibus
1678 1985 1848 2096 expedit
1869 1987 2039 2070 uniuer-

389 2104 444 2185 sis
465 2103 729 2212 presentibus
767 2113 809 2188 et
844 2102 994 2187 firturis
1014 2107 1282 2217 presencium
1312 2107 1515 2191 noticiam
1548 2103 1768 2189 habituris.
1816 2103 2038 2205 Quomodo
2108 2191 2114 2202 ,

389 2221 445 2304 ad
465 2223 885 2307 nostram²=accedens
905 2225 1171 2335 presenciam
1197 2223 1417 2337 Religiosa
1436 2249 1553 2308 soror
1572 2223 1815 2340 Margareta
1836 2223 2041 2310 Abbatie-

385 2369 434 2424 sa
455 2368 552 2426 cum
572 2343 784 2428 sororibus
808 2343 1055 2428 Conuentus
1080 2342 1471 2430 Sanctimonialium
1493 2341 1734 2454 Monasterij
1755 2343 1798 2425 in
1821 2341 2038 2452 Stanatilcy

383 2460 462 2543 sub
484 2462 633 2573 regula
655 2465 793 2546 sancti
812 2461 1037 2547 Benedicti
1052 2473 1193 2548 nostre
1217 2464 1411 2574 dyocesis
1449 2462 1600 2547 obtulit
1621 2489 1763 2548 coram
1785 2461 1907 2548 nobis
1927 2461 2039 2545 litte·

383 2605 452 2662 ras
484 2583 737 2668 sanctissimi
771 2586 814 2664 in
852 2581 1022 2668 Christo
1058 2586 1190 2693 patris
1228 2593 1272 2667 et
1307 2583 1462 2668 domini
1499 2582 1657 2666 domini
1685 2583 1915 2692 qudceacij
1947 2580 2038 2663 lanc

331 2779 338 2790 .
376 2725 481 2810 pope
503 2703 642 2809 quarti
661 2703 705 2784 in
725 2729 986 2815 pergameno
1008 2705 1187 2814 scriptas
1210 2705 1300 2787 eius
1321 2731 1423 2787 vera
1443 2701 1558 2785 bulla
1577 2700 1779 2812 plumbea
1799 2703 1845 2784 in
1864 2701 1945 2784 filis
1965 2729 2037 2783 ru-

379 2815 449 2899 bei
469 2830 512 2902 et
533 2819 675 2932 glauci
696 2823 880 2906 colorum
904 2822 1241 2934 dependentibus
1262 2823 1481 2935 sigillatas.
1513 2820 1800 2929 Manibusque
1817 2818 2032 2905 Reueren-

378 2937 526 3022 dorum
545 2951 712 3050 patrum
736 2939 942 3053 Stephani
962 2952 1107 3026 sancte
1129 2943 1259 3026 Marie
1279 2953 1396 3024 trans
1417 2941 1775 3050 Thibarinitytuli
1791 2939 2032 3054 Oalixi(sic)

375 3057 607 3164 presbiteri,
627 3056 766 3143 fratris
789 3060 819 3144 ‚J
822 3061 998 3146 ohannis
1020 3063 1144 3171 tytuli
1164 3063 1301 3146 sancti
1321 3061 1545 3170 Laurencij
1572 3061 1616 3142 in
1635 3060 1800 3144 Lucina
1821 3061 2030 3170 presbite-

377 3176 424 3278 ri,
445 3174 640 3262 Ramaldi
662 3178 869 3263 Ostiensis
901 3190 944 3263 et
973 3178 1242 3266 Belletrcnsis
1282 3182 1480 3292 episcopi,
1517 3180 1675 3266 Jacobi
1711 3179 1953 3264 Portuensis
1988 3191 2031 3264 et

135 3325 142 3338 ·
238 3363 245 3378 ,
374 3303 523 3379 sancte
543 3298 696 3383 Rufina
723 3300 937 3410 Episcopi,
975 3297 1185 3410 Stephani
1219 3302 1456 3386 Prenestini
1490 3301 1705 3411 Episcopi,
1743 3299 1857 3384 Petri
1893 3302 2030 3382 sancti
2115 3369 2123 3392 .

375 3411 548 3528 Georgij
571 3417 626 3500 ad
647 3419 786 3504 velum
809 3447 983 3504 aureum
1004 3419 1212 3532 Dyaconi,
1234 3419 1265 3505 J
1267 3421 1444 3505 ohannis
1466 3421 1602 3503 sancti
1621 3420 1785 3504 Nicolai
1805 3421 1848 3501 in
1871 3419 2027 3505 Oarce-

374 3561 416 3614 re
454 3535 652 3623 Tulliano
690 3540 883 3648 dyaconi,
920 3535 1122 3624 Willermi
1157 3541 1296 3625 sancti
1330 3539 1550 3648 Eustachij
1591 3538 1784 3648 dyaconi,
1822 3535 2026 3624 Ottoboni

374 3657 509 3737 sancti
529 3657 703 3742 Adriani
736 3657 927 3767 dyaconi,
963 3669 1065 3744 tunc
1101 3671 1247 3744 sancte
1283 3658 1472 3746 Romane
1508 3657 1702 3742 Ecclesia
1739 3659 2026 3745 Oardinalium

373 3771 634 3860 cumeorum
671 3778 803 3889 signis
841 3779 1052 3865 denotatis
1094 3779 1370 3890 subscriptas.
1408 3805 1547 3862 sanas.
1590 3777 1744 3862 saluas.
1776 3789 1818 3862 et
1837 3781 2025 3896 integras

370 3894 569 4000 omnique
590 3923 759 4003 prorsus
781 3899 891 3985 vicio
914 3910 956 3980 ct
978 3899 1217 4010 suspicione
1250 3909 1508 3984 carenteset
1526 3899 1726 4008 produxit
1756 3907 1900 3982 tenore
1923 3897 2026 3982 sub-

372 4013 569 4121 sequenti
589 4023 739 4122 petens
762 4043 857 4100 cum
881 4019 1114 4103 deuocione
1137 4047 1188 4100 ac
1209 4021 1451 4129 supplicans
1489 4027 1703 4132 quatenus
1734 4019 1894 4102 litteras
1930 4045 2025 4127 pre-

477 4250 525 4348 l¹l
538 4245 726 4398 Episcopus
741 4248 963 4348 oracqriensis
980 4251 1199 4328 llas—1455,
1223 4261 1339 4339 postea
1365 4261 1499 4318 sanctae
1522 4252 1683 4320 ecclesiae
1699 4235 1867 4319 Romanae
1892 4252 2027 4341 presby⁴

373 4344 422 4400 ter
436 4333 570 4401 cardina
583 4335 623 4412 is,
639 4356 690 4399 vir
705 4356 837 4399 maximi
852 4333 984 4418 ingenii.

473 4417 632 4488 Tabulam
646 4417 867 4485 authenticam
882 4420 915 4484 in
931 4419 1078 4488 Archivo
1093 4421 1281 4488 monasterii
1291 4421 1527 4504 Staniatceneis
1544 4433 1757 4499 asservatam,
1765 4421 1942 4508 descripsit
1954 4421 2030 4489 Sla-

329 4507 336 4526 ’
372 4503 498 4570 witichi.
530 4505 593 4570 Fili
608 4503 726 4574 sericei
740 4505 827 4592 nigri
842 4515 877 4572 et
891 4504 982 4571 rubri
1008 4505 1142 4574 coloris.
1180 4505 1330 4595 Sigillum
1363 4509 1469 4575 minus
1500 4532 1540 4574 ex
1567 4531 1644 4576 cera
1669 4507 1809 4596 vulgari,
1838 4509 2030 4594 episcopum

371 4589 656 4676 inpontilicalibus
672 4599 934 4679 repraesentans.
961 4591 1098 4660 Scotum
1112 4592 1246 4682 longum
1261 4616 1281 4657 a
1295 4606 1428 4680 pectore
1446 4612 1546 4679 usque
1563 4594 1605 4660 ad
1620 4593 1720 4682 pedes
1736 4593 1898 4679 episcopi,
1914 4593 1948 4657 in
1963 4609 2027 4740 <pua

368 4677 495 4761 effigies
508 4697 646 4764 magnae
657 4677 765 4744 crucis
789 4675 942 4749 cernitur.
965 4677 1090 4766 Magna
1104 4675 1188 4748 haec
1204 4701 1295 4756 crux,
1310 4679 1371 4746 inei
1399 4701 1436 4744 ne
1452 4689 1502 4746 eet
1515 4679 1685 4757 nobilium,
1699 4677 1876 4746 haeredum
1890 4676 1930 4744 de
1947 4673 2023 4742 Oe·

370 4763 472 4843 isica,
488 4767 521 4824 et
546 4761 696 4846 polonice
711 4763 818 4841 Dehas
835 4761 1044 4854 appellatum.
1086 4765 1124 4833 ln
1153 4765 1276 4832 ambitu
1306 4703 1405 4853 sigilli
1421 4764 1612 4851 inscriptio:
1630 4763 1809 4852 Capitulum
1822 4763 2027 4830 Crucoaieure.

369 4847 514 4915 Litterae
532 4845 712 4914 Innocentii
727 4848 774 4918 IV
789 4871 895 4938 papae
907 4850 940 4914 in
952 4859 1158 4940 transumpto
1181 4849 1317 4938 Zbignei
1340 4851 1500 4938 episcopi.
