4856 5932
1026 725 1300 802 -375-

333 939 493 1014 struere
513 927 674 1012 scilicet
692 927 736 1010 in
754 922 884 1010 fluuio
908 919 1035 1009 Cerno
1055 938 1098 1013 et
1116 955 1243 1040 super
1265 923 1568 1031 Smerdzuclew,
1588 935 1729 1036 preter
1757 927 1975 1039 supradic-

333 1059 425 1133 tum
444 1049 614 1134 Petrum
636 1047 709 1133 et
695 1043 826 1158 1psius
847 1053 1038 1156 posteros
1057 1047 1269 1159 legitimos
1306 1045 1411 1159 (Nos
1432 1072 1531 1130 vero
1552 1047 1863 1155 prenominatus
1899 1046 1978 1134 Jo-

333 1168 496 1251 hannes
519 1168 571 1250 de
594 1165 772 1281 Syracu,
795 1162 1054 1278 Oupitaneus
1076 1165 1439 1270 santonicensis,
1475 1163 1645 1250 Petrum
1676 1165 1982 1254 molendinato-

313 1314 423 1402 rem
443 1313 547 1371 cum
558 1286 643 1368 suis
665 1283 984 1370 successoribus
1004 1283 1215 1396 legitimis,
1250 1312 1327 1396 per
1355 1283 1600 1370 diffinitiues
1622 1287 1873 1390 sentencias,
1907 1314 1984 1372 no·

232 1415 236 1422 ’
334 1414 518 1496 atrorum
537 1399 816 1492 Scabinorum
835 1403 1204 1514 polaneciensium‚
1239 1431 1385 1490 verum
1418 1432 1469 1487 ac
1498 1401 1741 1516 legitimum
1777 1405 1982 1490 constitu·

334 1525 443 1608 imus
464 1551 751 1608 successorem
774 1521 1058 1628 coheredem,
1093 1551 1190 1606 cum
1210 1527 1296 1608 suis
1318 1525 1497 1631 posteris
1534 1523 1645 1606 natis
1669 1523 2032 1628 conascendo,

333 1643 634 1754 perpetualiter
653 1643 831 1746 habere,
852 1639 1046 1747 vendere,
1079 1643 1248 1749 donare,
1285 1651 1555 1746 commutare,
1591 1641 1828 1725 secundum
1865 1641 1982 1752 quod

333 1763 436 1874 ipsis
458 1763 607 1846 melius
629 1772 673 1845 et
692 1760 833 1845 utilius
853 1757 1065 1844 videbitur
1088 1763 1297 1870 expedire.
1337 1759 1388 1844 In
1409 1762 1529 1844 cuius
1548 1758 1608 1869 rej
1630 1761 1918 1846 testimonium
1939 1769 1983 1844 et

335 1881 547 1966 meliorem
570 1881 832 1964 euidenciam
854 1876 1060 1990 Sigillum
1079 1889 1267 1966 nostrum
1300 1890 1343 1964 et
1375 1880 1559 1992 sigillum
1578 1879 1758 1992 predicti
1779 1878 1894 1990 opidi
1907 1904 1984 1992 po·

264 2005 267 2012 ’
336 1995 466 2083 lcuecz
501 2009 824 2112 sunt'appensa.
870 1996 1027 2082 Actum
1061 2008 1103 2081 et
1123 1999 1269 2083 datmn
1289 2001 1331 2082 in
1352 1997 1545 2082 Polcnecz
1564 2000 1782 2109 proxima
1774 1997 1878 2082 seria
1897 2007 1983 2082 ter-
2067 2076 2072 2087 .

335 2119 403 2202 cia
421 2129 521 2229 post
540 2117 696 2204 festum
719 2117 866 2205 Sancti
885 2115 1081 2200 francisci
1104 2116 1194 2204 Sub
1217 2144 1328 2202 anno
1350 2118 1506 2202 domini
1535 2117 1753 2204 Millesimo
1785 2117 1985 2227 quadrin-

335 2240 573 2350 gentesimo
620 2237 784 2324 decimo
823 2237 970 2348 quinto
993 2235 1148 2324 Coram
1163 2238 1342 2325 testibus
1362 2237 1662 2408 prenominatis
1683 2244 1727 2322 ct
1746 2235 1837 2320 aliis
1854 2261 1984 2347 quam

335 2357 523 2468 plurimis
544 2357 630 2443 fide
651 2357 803 2468 dignis.

1067 2659 1265 2824 oxoru.

436 2967 506 3050 ln
531 2963 689 3050 Nova
718 2961 954 3049 &vitute
979 2962 1247 3169 lllpppcnn
1272 2961 1579 3048 dictu-dic
1595 2959 1665 3076 12
1688 2961 1882 3070 Marto
2046 2889 2054 2910 Ι

1157 3103 1322 3168 anno.

320 3249 526 3398 'amna
551 3302 634 3396 rec·
663 3300 806 3376 rona·
835 3299 1089 3374 riemann
1119 3299 1408 3392 sagenam·
1436 3299 1514 3375 eru
1540 3300 1688 3395 ouum
1715 3317 1735 3376 ι
1762 3302 1914 3372 uum
1942 3298 1983 3376 n

774 3403 935 3476 Cmtetow
948 3403 1033 3492 dett,
1052 3404 1134 3496 quod
1146 3407 1179 3480 iu
1191 3407 1385 3498 uamunptc
1397 3405 1543 3496 rautn-

434 3611 487 3698 In
506 3609 673 3696 nomine
696 3609 853 3695 domini
871 3607 1023 3695 Amen.
1053 3610 1125 3702 Ad
1144 3623 1395 3724 perpetuam
1411 3613 1472 3696 rei
1486 3612 1729 3696 memoriam
1749 3605 1861 3712 Quia
1880 3617 1981 3704 trmc

331 3731 473 3817 multis
495 3757 681 3816 errorum
703 3737 748 3812 et
768 3727 991 3814 dubiorum
1026 3732 1285 3814 occurrimus
1323 3731 1554 3842 dispendijs
1591 3731 1688 3814 dum
1710 3737 1836 3842 gesta
1856 3730 1981 3815 etatis
2055 3835 2059 3842 Ι

330 3862 473 3936 nostre
493 3849 725 3933 litterarum
746 3847 938 3959 apicibus
960 3857 1004 3931 ct
1024 3847 1217 3934 Testium
1248 3849 1467 3962 fidedigna
1503 3850 1781 3934 cunctacione
1801 3849 1984 3960 perhen-

331 3997 482 4056 namus
512 3967 699 4054 Proinde
726 3968 814 4053 Nos
835 3966 1095 4054 Wladislaus
1117 3969 1184 4052 dei
1207 3971 1355 4082 gracia
1374 3969 1468 4054 Rex
1487 3968 1657 4054 Polonie
1678 3967 1855 4055 Necnon
1876 3967 1983 4052 Ter·

330 4115 472 4174 rarum
493 4089 699 4176 Oracouie
722 4085 985 4174 Sendomirie
1007 4088 1170 4175 Siradie
1191 4088 1393 4174 Lancicie
1417 4085 1620 4200 Ouyawie
1646 4088 1847 4200 Princeps
1869 4086 1981 4196 Sup-

221 4234 225 4240 ·
329 4235 499 4317 premus
518 4205 776 4291 Litthwanie
796 4206 1046 4292 Pomeranie
1063 4207 1308 4318 Russieque
1330 4207 1522 4295 dominus
1543 4215 1586 4291 et
1604 4207 1727 4294 heres
1750 4205 1977 4320 Significa-

329 4352 423 4409 mus
441 4334 583 4411 tenore
598 4325 863 4436 presencium
882 4326 1038 4436 quibus
1056 4327 1228 4438 expedit
1242 4328 1448 4414 vniuersis
1464 4335 1553 4410 tam
1567 4324 1835 4439 presentibus
1852 4353 1981 4440 quam

328 4441 479 4528 futuru
498 4445 764 4554 presencium
784 4445 984 4530 noticiam
1004 4445 1213 4531 habituris
1235 4443 1458 4548 Quomodo
1480 4446 1626 4532 oblata
1640 4443 1762 4530 nobis
1777 4453 1977 4556 propurte

327 4561 543 4676 Magnifici
563 4561 780 4647 Michaelis
802 4562 853 4646 de
876 4557 1114 4676 Ctmeelycw
1137 4565 1367 4653 Castellani
1395 4563 1744 4651 Sandomiriensis
1766 4561 1820 4678 (¹)
1842 4565 1974 4649 nostri

548 4787 789 4864 ‚Nresieccium
801 4795 961 4897 „Korona
974 4795 1122 4884 ponka't
1136 4796 1281 4864 Michael
1296 4797 1350 4865 hic
1365 4797 1405 4866 de
1421 4795 1508 4863 etms
1502 4796 1583 4866 cleu
1593 4795 1712 4867 haeres
1727 4807 1779 4868 est
1792 4797 1888 4866 villae
1909 4799 1976 4869 Bo·
2130 4871 2138 4890 ,

326 4793 630 4972 mttivldllcuc
642 4890 676 4948 ct
689 4879 811 4950 liabet'
801 4879 929 4969 migne
944 4879 1031 4968 apud
1045 4892 1179 4951 nostros
1196 4881 1341 4954 Potane
1354 4879 1564 4972 appellatum.
