4856 5932
1144 687 1420 762 -rrc-
1526 626 1660 734 .'

435 899 646 1004 dampere
679 875 919 976 huiusmddi
948 889 1230 974 nundinarum
1264 889 1432 1000 plenam
1453 897 1496 974 et
1515 890 1800 978 omnimodam
1832 897 2103 988 comedimus

456 1008 700 1096 facultatem
733 1010 953 1094 ciuitatum
972 1019 1115 1095 tamen
1135 1016 1178 1092 et
1209 1009 1457 1120 oppidorum
1487 1019 1721 1098 nostrorum
1752 1013 1975 1124 Regulium
1996 1047 2104 1106 mer-

458 1134 685 1228 catoribus,
720 1131 971 1236 vectoribus,
1003 1159 1054 1214 ac
1074 1128 1416 1242 negociatoribus
1453 1130 1660 1217 duntaxat
1690 1133 1875 1247 exceptis
1895 1163 2016 1248 ⁴quos
2047 1141 2103 1226 ad

455 1249 658 1334 dictorum
688 1246 880 1334 feralium
910 1249 1166 1334 solucionem
1186 1249 1423 1334 nullatcnus
1453 1249 1649 1334 uolumus
1682 1249 1872 1368 obligari.
1933 1255 2103 1346 interea

453 1379 595 1454 certem
610 1370 838 1456 forensium
854 1377 1198 1456 extranearumue
1214 1369 1527 1454 cerrevisiarum
1538 1368 1636 1483 (sic)
1650 1371 1872 1461 ducturam
1885 1402 1937 1458 ac
1957 1381 2103 1491 propi.

451 1489 684 1594 nacionum,
713 1490 813 1576 uino
846 1490 1051 1576 duntaxat
1089 1496 1265 1598 excepto
1295 1488 1460 1598 inipso
1492 1490 1648 1598 oppido
1681 1487 1804 1604 Stupi
1828 1520 1904 1606 pro
1935 1501 2101 1608 tempo·

451 1610 568 1694 ribus
598 1611 923 1724 prescriptorum
968 1609 1248 1692 nundinarum
1291 1607 1544 1718 prohibendi
1585 1637 1636 1692 ac
1674 1613 1821 1696 tuendi
1867 1625 2100 1716 memorato

453 1729 601 1814 abbati
631 1758 681 1814 ac
713 1733 799 1814 suis
831 1729 1145 1824 successoribus
1176 1728 1346 1838 plenam
1377 1734 1633 1838 potestatem
1652 1729 1925 1841 impartimur,
1954 1735 2015 1819 ita
2034 1745 2102 1818 ta·

412 1947 418 1960 ¹
453 1877 569 1955 men,
599 1857 648 1932 ut
678 1849 731 1933 de
761 1851 842 1934 hiis
875 1859 916 1932 et
947 1850 1035 1934 aliis
1075 1848 1324 1932 necessariis
1367 1873 1443 1958 pro
1486 1847 1725 1934 hominibus
1771 1849 1907 1938 forum
1950 1855 2102 1940 annale

318 2061 321 2066 ,
452 1967 692 2067 huiusmodi
737 1967 1047 2054 celebrantibus
1087 1976 1129 2048 et
1160 1966 1451 2050 exercentibus
1491 1967 1713 2078 prouidere
1754 1971 1991 2084 eademque
2022 1974 2101 2059 abs

456 2087 636 2172 desertio
672 2088 906 2172 ministrare
946 2095 1169 2170 teneantur
1208 2114 1258 2169 ac
1300 2083 1531 2170 debebunt.
1592 2085 1757 2172 Harum
1797 2091 1953 2199 quibus
1984 2093 2102 2205 sigil-
2214 2178 2218 2188 ,

452 2206 538 2290 lum
567 2216 755 2291 nostrum
777 2217 843 2292 est
861 2207 1180 2317 subappensum
1200 2206 1440 2290 testimonio
1459 2203 1703 2292 litterarum.
1764 2208 1920 2294 Actum
1939 2210 1983 2293 in
2005 2209 2102 2294 Sla-

446 2324 497 2437 pr'
524 2325 732 2411 dominico
765 2329 832 2412 die
861 2330 953 2440 ipso
985 2335 1134 2410 sancta
1174 2323 1362 2408 Barbare
1393 2324 1592 2435 uirginis,
1630 2353 1741 2411 anno
1784 2329 1939 2412 domini
1968 2331 2101 2416 mille·

451 2449 556 2530 simo
589 2445 1004 2560 quadringentesimo
1036 2445 1301 2556 sexagesimo
1340 2450 1517 2549 octau0;
1560 2446 1826 2554 presentibus
1858 2443 2098 2554 (denotaris,

451 2567 642 2667 strenuiS,
663 2593 715 2647 ac
735 2566 944 2653 nobilibus
973 2565 1148 2652 Nicolao
1180 2564 1231 2646 de
1266 2559 1517 2665 Chronsldow
1549 2561 1783 2652 Vexillifero
1814 2563 2102 2655 Graccouien-

452 2688 489 2770 si
509 2682 618 2798 (sic),
647 2685 772 2772 Petro
802 2678 959 2798 Dunrjn
990 2686 1042 2770 de
1079 2682 1324 2768 Praztcour'ce
1355 2685 1663 2770 succamerario
1686 2683 1740 2800 (⁹)
1776 2685 1907 2772 Paulo
1945 2687 2101 2772 Jossr'a-

451 2803 570 2914 nield
613 2803 883 2918 subdapiferc
931 2803 1276 2908 Sandomiriensi,
1321 2800 1496 2888 Nicolao
1541 2800 1785 2917 Dzr'olr‘aslo‘j
1811 2815 1874 2890 ‘et
1924 2807 2100 2895 Nicolao

455 2919 736 3040 Coscaielicclij
767 2927 1027 3010 curiensibus
1064 2926 1227 3028 nostris,
1258 2921 1497 3032 ceterisque
1528 2923 1584 3005 ad
1613 2925 1819 3032 premissa
1841 2925 2099 3039 ·fidedignis.

450 3047 612 3134 Datum
641 3073 717 3156 per
745 3073 893 3130 manus
924 3043 1184 3150 Venerabilis
1215 3039 1377 3126 Alberti
1423 3038 1474 3122 de
1512 3039 1666 3124 Zicltlia
1698 3043 1884 3130 custodis
1908 3155 1911 3162 Ι
1934 3044 2101 3132 Sando-

453 3167 669 3270 miriensis‚
699 3194 778 3248 nec
809 3193 893 3248 non
924 3161 1201 3267 Gneanensis,
1223 3159 1561 3267 Graccouiensis‚
1594 3159 2035 3277 Vladislaviensisque,
2056 3173 2100 3250 et

452 3285 748 3372 Posnaniensis
777 3283 1063 3368 Ecclesiarum
1095 3279 1311 3386 Canonici,
1342 3306 1394 3364 ac
1425 3277 1565 3392 Regni
1596 3279 1766 3368 Polonie
1797 3284 2100 3370 uieecancella·

452 3406 515 3509 rii,
547 3408 710 3490 sincere
739 3403 861 3490 nobis
893 3402 1044 3488 dilecti.
1081 3412 1082 3423 '
2102 3488 2104 3492 ¹

1076 3519 1246 3606 Belacio
1279 3517 1466 3604 eiusdem
1498 3514 1760 3608 Venerabilis
1791 3520 1966 3611 Alberti.
2190 3574 2195 3583 -
2304 3543 2311 3562 ·

558 3761 597 3844 (²)
621 3757 892 3831 Sandomiriensis
907 3745 979 3838 sub,
994 3755 1191 3824 camerarius
1204 3755 1276 3821 luit.
