4930 5922
937 749 994 782 .,
1127 683 1406 770 -·14ἕ4-

220 883 226 891 ’
340 941 378 960 ··
431 894 655 1006 prehabite
698 895 846 976 damus
878 902 921 973 et
952 893 1224 976 concedimus
1256 890 1451 974 omnibus
1472 892 1776 977 uniuersaliter
1790 890 1793 899 ’
1806 895 2018 982 incidendi
2055 915 2098 984 et
2202 947 2222 982 ο
2319 883 2348 994 ’,

406 1010 700 1124 ¹pontem'per
720 1011 894 1094 fluvium
938 1008 1086 1092 Virtam
1119 1010 1298 1117 parandi
1331 1009 1508 1092 liberam
1529 1020 1574 1115 et
1594 1013 1879 1096 omnimodam
1906 1025 2096 1124 potcsta-

432 1144 532 1235 tem,
551 1133 611 1211 ita
631 1141 776 1210 tamen
817 1128 935 1237 quod
955 1129 990 1210 si
1010 1130 1227 1235 predictus
1262 1153 1371 1234 pons
1408 1128 1612 1210 corruerit
1650 1157 1678 1208 a
1699 1157 1804 1236 casu
1844 1133 1914 1216 vel
1932 1131 2096 1218 auctir·

432 1259 541 1332 state
562 1275 637 1333 sev
659 1275 686 1327 a
706 1245 843 1360 glacie
864 1271 1087 1354 cupressus
1108 1246 1302 1330 volumus
1315 1253 1426 1326 «tunc
1448 1246 1566 1355 quod
1588 1244 1717 1330 Oiues
1751 1249 1944 1356 predicte
1982 1251 2098 1336 Oini-

430 1369 544 1468 tatis,
564 1366 782 1474 navigium
803 1372 1008 1444 statuant
1028 1388 1115 1446 non
1136 1371 1281 1445 autem
1301 1362 1489 1444 eiusdem
1511 1359 1676 1473 nauigii
1694 1365 1855 1448 lucrum
1891 1371 2098 1480 percipiat

317 1485 319 1488 ’
431 1483 659 1595 quisquam
678 1491 820 1590 preter
841 1479 968 1564 Oiues
990 1479 1101 1561 dicte
1121 1478 1238 1562 urbis
1262 1481 1396 1562 donec
1415 1506 1538 1588 pons
1567 1484 1837 1592 supradictus
1859 1483 2025 1570 steterit
2045 1519 2097 1574 ex
2198 1585 2201 1593 ,

430 1604 596 1711 integro
637 1609 872 1708 reparatae.
922 1599 1086 1682 Damus
1116 1599 1288 1704 insuper
1309 1607 1352 1677 et
1373 1599 1644 1680 concedimus
1665 1601 1858 1707 predicta
1878 1603 2096 1690 Withconi

433 1720 643 1802 aduocato
683 1727 725 1799 et
752 1718 841 1827 suis
875 1717 1073 1825 legitimis
1125 1714 1443 1798 successoribus
1483 1717 1525 1796 in
1563 1717 1753 1798 districtu
1785 1745 1863 1800 suo
1899 1721 2096 1818 Ciuitatis

344 1917 349 1929 x
431 1834 655 1944 prehabite
689 1845 732 1916 et
759 1836 803 1918 in
834 1832 1028 1915 districtu
1047 1831 1266 1916 laneorum
1283 1832 1458 1917 Ciuitati
1478 1834 1772 1916 adiacencium
1794 1845 1839 1918 ct
1858 1831 2097 1926 additorum

434 1953 630 2062 capiendi
665 1952 926 2060 ubicumque
961 1949 1151 2033 locorum
1172 1959 1217 2030 et
1232 1950 1422 2032 uenandi
1458 1937 1597 2033 omne'
1620 1975 1756 2058 genus
1786 1951 1969 2038 ferarum
1992 1985 2098 2068 quo·

434 2097 604 2180 cunque
626 2069 803 2153 artificio
825 2068 1003 2151 voluerit
1021 2067 1091 2148 uel
1110 2068 1305 2149 maluerit
1322 2067 1499 2150 liberam
1520 2077 1563 2150 ct
1584 2071 1870 2153 omnimodam
1895 2082 2096 2180 *potesta-

431 2199 531 2270 tsm.
564 2188 623 2272 ut
641 2197 690 2268 ut
710 2187 873 2271 Oiuitas
893 2185 1120 2291 prehabita
1157 2183 1509 2269 Sandomiriensis
1545 2195 1665 2270 tanto
1702 2185 1866 2272 facilius
1886 2197 2097 2302 tantoque

433 2307 563 2388 cicius
584 2306 832 2413 corrigatur.
856 2301 1060 2384 Volumus
1081 2302 1198 2412 quod
1218 2303 1333 2385 nulla
1352 2302 1533 2385 taberna
1561 2313 1704 2412 preter
1722 2315 1821 2408 tres,
1842 2333 1973 2390 unam
1992 2309 2110 2418 Epi-r

432 2425 552 2530 scopi
575 2432 618 2504 et
638 2421 745 2502 duas
780 2416 974 2532 Ecclesia
1010 2417 1169 2502 Sancte
1203 2419 1362 2502 Mariae
1399 2447 1485 2531 que
1519 2449 1634 2503 nunc
1665 2431 1828 2506 suntet
1848 2421 2019 2509 firerunt
2039 2428 2094 2512 ab
2170 2522 2175 2528 ¹
2331 2519 2340 2530 ,

433 2542 611 2649 antiquo
641 2537 780 2620 locate
802 2537 858 2618 ad
880 2537 1005 2618 unius
1035 2539 1226 2645 spacium
1258 2537 1427 2620 miliaria
1447 2565 1524 2648 per
1544 2539 1730 2648 aliquem
1749 2539 1911 2626 locetur
1929 2543 1999 2626 vel
2017 2545 2126 2628 hav
2158 2569 2165 2584 ·

430 2656 597 2742 beatur.
658 2654 767 2737 Item
804 2655 1074 2738 concedimus
1117 2653 1295 2738 Oiuibus
1334 2655 1557 2764 prehabito
1600 2657 1785 2740 ciuitatis
1816 2668 1862 2741 et
1902 2661 2095 2772 omnibus

433 2775 523 2857 aliis
545 2759 799 2854 indistricta
820 2771 1010 2854 ciusdem
1024 2774 1067 2854 in
1084 2769 1291 2880 Dominijs
1312 2774 1466 2856 nostris
1481 2771 1681 2856 uidelicet
1698 2767 2097 2862 OracoriensiSa'n-
2182 2857 2185 2862 ,
2262 2893 2266 2902 Ι

434 2891 674 2975 domiriensi
697 2897 746 2970 et'
760 2887 1000 2996 Syraaiensi
1031 2887 1139 2972 infra
1174 2891 1368 2997 spacium
1386 2883 1594 2974 libertatis
1629 2893 1872 2999 supradicte
1907 2893 2097 2978 sedecim

433 3033 638 3092 annorum
674 3007 921 3089 transeundi
958 3033 1055 3086 cum
1090 3005 1302 3105 mercibus
1339 3009 1724 3118 qualibuscumque
1758 3003 1802 3089 et
1835 3007 2097 3120 ubicumque

432 3127 620 3211 locorum
640 3125 806 3234 absque
827 3124 940 3207 omni
961 3151 1120 3234 genere
1140 3125 1364 3208 solucionis
1380 3125 1533 3208 telonei
1552 3136 1595 3206 et
1610 3151 1871 3234 quocunque
1888 3126 2097 3214 vocabulo

434 3243 659 3326 censeatur
693 3243 867 3326 liberam
899 3239 1159 3323 facultatem.
1223 3241 1426 3349 Expirata
1462 3242 1622 3324 deinde
1643 3240 1839 3325 libertate
1874 3245 2098 3352 prehabito

433 3362 546 3462 idem
558 3359 685 3442 Oiues
707 3361 836 3443 nostri
859 3367 902 3462 et
921 3385 1067 3441 omnes
1088 3356 1344 3441 aliiOiuitati
1362 3361 1607 3444 adiacentes
1628 3387 1705 3468 per
1728 3361 1965 3444 districtam
1988 3389 2096 3474 quo·

436 3505 605 3588 cunque
626 3477 670 3558 in
690 3475 881 3586 negociis
902 3477 989 3558 suis
1009 3477 1234 3558 transitum
1269 3475 1445 3560 fecerint
1473 3503 1552 3560 seu
1583 3467 1741 3562 defore
1764 3480 1822 3562 ad
1854 3477 1992 3563 forum
2023 3509 2100 3564 seu

434 3596 706 3678 mercimonia
727 3593 917 3704 quelibet
957 3595 1192 3676 exercendo
1223 3595 1279 3676 ab
1303 3595 1416 3678 omni
1437 3596 1651 3681 solucione
1684 3596 1840 3678 telonei
1871 3596 2110 3703 cujuscunae

434 3741 523 3825 que
543 3723 586 3794 et
606 3723 866 3823 quocunque
886 3712 1055 3796 nomine
1077 3721 1301 3795 censeatur
1320 3713 1363 3810 in
1383 3724 1635 3820 perpetuum
1657 3713 1742 3792 sint
1755 3710 1874 3792 liberi
1891 3721 1934 3792 ct
1948 3713 2098 3822 immu-

434 3833 524 3912 nes.
577 3828 771 3910 volumus
805 3833 951 3938 itaque
987 3827 1043 3911 ab
1066 3828 1259 3912 omnibus
1296 3829 1526 3912 obseruari,
1548 3827 1840 3913 inviolabiliter
1870 3837 1918 3910 et
1950 3829 2101 3910 incon·

435 3945 559 4030 cause
583 3945 699 4054 quod
718 3957 816 4053 post
833 3945 1070 4028 libertatem
1107 3945 1295 4028 sedecim
1330 3973 1534 4029 annorum
1565 3947 1853 4056 supradictam
1881 3943 2099 4054 telonearii

435 4068 479 4148 in
501 4058 737 4146 confinibus
770 4073 813 4143 et
841 4065 964 4144 metis
995 4055 1201 4145 terrarum
1232 4073 1479 4147 postumum
1509 4065 1600 4172 jam
1637 4063 1845 4146 dictarum
1880 4063 2099 4144 constituti

435 4181 609 4266 amodo
630 4203 716 4261 non
746 4179 840 4288 plus
877 4205 1006 4290 quam
1044 4165 1348 4262 dimidietatem
1382 4181 1536 4263 telonei
1573 4211 1600 4264 a
1617 4181 1772 4264 nostris
1805 4178 1982 4264 Ciuibus
2014 4179 2099 4263 iarn

438 4301 562 4384 dictis
585 4306 628 4378 et
646 4297 689 4378 in
711 4293 904 4380 districtu
926 4297 1125 4381 Ciuitatis
1144 4299 1413 4382 manentibus
1434 4301 1495 4379 ita
1516 4301 1693 4392 siextra
1714 4297 1851 4408 gades
1871 4324 1949 4379 seu
1963 4308 2098 4380 metes

417 4417 677 4502 'bansierint
695 4441 772 4522 pro
788 4415 999 4498 mercibus
1016 4417 1209 4524 accipere
1230 4417 1421 4499 habeant
1443 4427 1485 4497 ct
1506 4429 1767 4526 extorquere.
1790 4413 1848 4496 Et
1866 4425 1921 4498 vt
1935 4414 2098 4500 Ciuitas

262 4521 265 4529 ¹
310 4585 315 4596 ·
435 4544 591 4617 nostra
610 4532 970 4617 ·Sandomiriensis
1005 4535 1226 4644 sepedicta
1255 4536 1299 4614 in
1330 4535 1632 4640 temporalibus
1654 4533 1706 4614 de
1730 4529 1798 4614 die
1817 4533 1861 4613 in
1883 4531 1993 4620 diem
2024 4561 2099 4614 au-

405 4693 407 4696 ·
437 4659 589 4762 geatur
611 4662 654 4732 et
674 4661 893 4734 excrescat
914 4649 1277 4762 statuimusquod
1299 4649 1489 4757 hospites
1510 4650 1811 4762 undecumque
1833 4639 1931 4734 crim
1949 4651 2100 4749 merci·

436 4769 586 4851 moniis
623 4767 1006 4880 qualibuscumque
1037 4769 1171 4878 ipsam
1203 4769 1452 4850 intrauerint
1481 4767 1632 4857 eadem
1652 4767 1924 4854 mercimonia
1944 4767 1987 4848 in
2006 4763 2099 4875 ipsa
