4890 5924
953 693 1429 788 *arae-2

424 900 721 1013 Volumusque
743 903 891 1001 etiem,
912 859 962 980 ut
983 895 1153 1008 praeter¹
1174 895 1383 978 decimam
1406 855 1688 1003 campestrem
1709 895 1762 975 e'x
1782 893 1893 978 villis
1916 893 2097 1002 Bielskr'r,

423 1024 618 1110 Zososr'na
639 1032 682 1104 et
711 1013 964 1108 Wronoroica
984 1045 1037 1100 ex
1060 1017 1161 1099 aula
1180 1041 1256 1124 per
1280 1015 1386 1094 duas
1417 1011 1653 1096 maldratas
1683 1013 1813 1095 tritici
1843 1021 1888 1094 et
1918 1018 2096 1109 totidem

425 1169 587 1228 avenae
609 1167 684 1248 pro
707 1135 1029 1248 sustentatione.
1054 1133 1226 1216 alterius
1262 1127 1506 1238 Presbyteri
1539 1129 1773 1238 quotannis
1811 1133 2099 1220 extradendes
2143 1177 2149 1188 ·

283 1275 287 1288 '
423 1259 736 1370 perpetualiter.
798 1253 978 1362 Insuper
1015 1254 1149 1334 eidem
1191 1249 1385 1334 Parochc
1422 1248 1604 1332 liberum
1630 1273 1765 1330 ¹usum
1801 1252 2020 1337 cremandi
2054 1263 2099 1338 et

423 1379 611 1486 liquores
632 1379 676 1458 in
699 1401 776 1456 sua
798 1401 885 1456 una
906 1370 1107 1456 Taberna
1128 1366 1368 1482 Paroohieli
1404 1397 1429 1449 a
1451 1365 1610 1450 Nostra
1642 1366 1842 1450 distincta
1869 1371 2097 1458 exercendi
2236 1403 2240 1410 ’
2307 1471 2311 1480 ‚

419 1497 489 1606 jus
511 1493 756 1598 uibuimus3
795 1491 951 1600 pariter
985 1489 1121 1570 libera
1157 1513 1321 1596 pascua
1355 1483 1464 1567 inter
1489 1487 1689 1596 ‘jumenta
1725 1483 1899 1588 Nostra,
1915 1487 2097 1572 liberam

423 1615 700 1724 piscationem
720 1612 764 1691 in
786 1607 999 1700 communi
1019 1609 1151 1692 fluvio
1169 1603 1384 1702 Lososinu,
1417 1611 1461 1684 et
1482 1603 1660 1687 liberam
1672 1601 1896 1712 sylvarum
1916 1605 2096 1692 Nostra·

423 1759 518 1816 rum
552 1727 800 1812 incisionem
837 1725 1007 1831 quoties
1044 1752 1152 1832 opus
1188 1722 1314 1804 fuerit
1335 1748 1412 1832 pro
1433 1751 1517 1804 usu
1536 1720 1779 1806 Paroehiali
1819 1723 2094 1832 impertimur.

424 1849 483 1932 Et
504 1850 616 1930 sicut
630 1848 837 1957 permissa
854 1843 905 1924 de
921 1844 1080 1927 Nostra
1099 1841 1236 1925 libera
1256 1840 1479 1924 volunt-ate
1496 1840 1712 1951 cupiendo
1735 1842 1938 1951 ampliare
1961 1844 2096 1928 emni-

425 1967 510 2050 bus
531 1966 573 2047 in
593 1965 699 2048 loeis
721 1962 922 2069 majorem
954 1950 1267 2069 Omnipotentis
1298 1958 1390 2042 Dei‘
1413 1959 1579 2043 cultum
1588 1975 1604 2060 ,‘
1629 1957 1822 2067 ejusdem
1851 1959 2098 2070 Presbyteri
2200 1977 2206 1987 '

425 2083 607 2169 Perochi
627 2083 807 2190 ejusque
828 2079 1009 2189 posteris
1034 2077 1132 2192 (sic)
1146 2078 1252 2161 'usui
1272 2077 1458 2190 benigne
1495 2075 1751 2162 conferimus
1770 2085 1816 2160 et
1836 2079 2120 2196 perpetrmliy

407 2212 489 2285 ter
520 2200 811 2284 condonamus
844 2193 976 2303 atque
1005 2199 1049 2279 in
1081 2198 1224 2281 dotem
1257 2197 1457 2306 erigimus
1489 2201 1698 2308 perpetuo
1719 2198 1827 2280 etin
1847 2226 2002 2282 aevum
2031 2201 2096 2284 ita
2159 2271 2164 2283 .

424 2344 502 2432 pro
537 2326 685 2401 nostra
721 2316 963 2401 Christiana
998 2315 1238 2400 Oollatione
1275 2315 1319 2395 in
1354 2321 1573 2425 posterum
1608 2341 1810 2398 cavemus
1845 2325 2093 2426 praetactos
2160 2359 2163 2362 ·
2216 2313 2256 2398 .’

424 2436 579 2521 fundos
602 2435 657 2517 ab
681 2437 794 2520 omni
815 2451 939 2518 onere
962 2415 1166 2517 ‘terrestri
1196 2431 1431 2542 Polonicali
1454 2433 1725 2534 esselibares
1747 2441 1791 2515 et
1812 2433 1873 2517 ad·
1888 2433 2096 2520 authoris

424 2562 561 2638 tatem
596 2563 639 2635 et
673 2551 1021 2636 Jurisdiotionem
1064 2549 1338 2660 Spiritualem
1374 2559 1569 2662 spectare
1593 2551 1896 2663 dignoscimus.
1951 2549 2095 2661 Quum

427 2674 570 2784 dotem
591 2672 775 2754 alienare
798 2670 1118 2780 quoquomodo
1142 2697 1227 2754 non
1246 2667 1414 2774 licebit,
1435 2699 1516 2753 nec
1539 2671 1770 2778 quisquam
1800 2671 1882 2755 s'ub
1920 2673 2095 2759 commi·-⁴

425 2791 595 2876 natione
633 2791 813 2873 districti
850 2787 1011 2872 Judicii
1044 2787 1128 2870 Dei
1159 2787 1335 2870 audebit
1365 2787 1669 2899 perpetualiter
1684 2783 1733 2872 *et
1751 2792 1795 2872 in
1816 2819 1985 2876 aevum.
2036 2788 2096 2876 Et

372 2969 377 2982 -
426 2909 636 2994 veluti'ad
657 2911 841 2992 eundem
876 2905 1117 2995 Parochum
1154 2916 1284 3014 atquc
1321 2916 1517 3016 posteros
1556 2909 1663 2992 haec
1699 2919 1846 2993 nostra
1868 2907 2096 3012 beneficia,
2228 2999 2234 3010 ,

427 3035 476 3109 ut
496 3029 618 3136 Ipsos
640 3025 860 3112 hilariores
881 3023 1153 3129 haberemus,
1175 3026 1481 3138 perpetualiter
1510 3027 1741 3130 habemus,
1771 3029 1831 3110 ita
1851 3021 2030 3114 nuncet
2049 3029 2093 3110 in

426 3151 643 3254 posterum
675 3146 887 3229 studiosos
919 3171 1011 3227 esse
1042 3144 1238 3228 volumus
1260 3154 1304 3226 et
1325 3141 1531 3251 altentoe,
1553 3154 1602 3228 ut
1624 3145 1851 3256 quotquod
1890 3155 2095 3257 oppertus

426 3291 528 3346 num
543 3263 669 3346 fuerit
683 3259 922 3344 hominibus
939 3263 982 3343 in
995 3263 1080 3345 hac
1096 3263 1305 3346 Parochia
1321 3263 1523 3346 auxilium
1538 3265 1755 3375 spirituale
1775 3291 1904 3378 egere
1930 3297 1957 3351 a
1971 3293 2097 3377 praes

403 3377 516 3472 ¹lato
547 3379 761 3483 Parocho,
803 3379 1216 3486 tenebitruuxtuno,
1244 3382 1505 3468 misericordi
1541 3383 1753 3468 charitate
1774 3394 1817 3468 et
1836 3411 1914 3496 pro
1947 3384 2097 3494 ,officio

428 3497 675 3603 subvenire,
697 3505 740 3580 et
760 3526 837 3608 pro
873 3497 1008 3583 Nebis
1040 3497 1239 3599 Divinam
1274 3499 1547 3610 Majestatem
1583 3531 1756 3589 exorare
1779 3515 1823 3587 et
1844 3502 2098 3616 Magistrum
2203 3559 2218 3610 χ

420 3617 547 3726 juxta
579 3645 739 3709 morem
775 3621 1000 3727 antiquum
1035 3617 1325 3701 Ecclesiarum
1360 3627 1525 3728 tenere,
1563 3621 1792 3708 collatione
1821 3623 2097 3707 Posterorum

426 3735 715 3820 Paroehcrum
749 3735 885 3823 Nobis
921 3745 966 3819 et
1001 3737 1169 3823 Nostris
1205 3739 1524 3825 suecessoribus
1552 3751 1782 3824 reservata.
1833 3739 1958 3824 nou
1985 3739 2134 3824 haec'

427 3851 590 3936 suntin
612 3853 789 3937 Sandecz
824 3885 968 3942 coram
1002 3855 1067 3939 his
1106 3855 1328 3938 Testibus:
1367 3859 1531 3948 scilicet
1562 3857 1822 3968 Epicnemiro
1845 3856 2095 3946 castellano

348 4003 352 4014 ¹
428 3969 551 4056 Grac.
590 3970 772 4056 Domino
808 3973 1073 4084 Przybyslao
1113 3971 1344 4082 Subjudice
1367 3973 1492 4062 Orac.
1528 3975 1960 4088 Dominno¹Aegidio
1996 3975 2096 4062 Fme

353 4110 359 4121 ·
427 4115 573 4194 cerna,
593 4087 776 4176 Domino
799 4090 1050 4200 Strzeszqne
1071 4094 1351 4178 Procuratore
1373 4097 1528 4182 Nostro
1553 4103 1596 4179 et
1616 4095 1707 4179 aliis
1729 4095 1974 4208 fidedignis.
2004 4093 2098 4178 Da·

396 4299 401 4309 ι
426 4215 520 4292 tum
538 4237 615 4319 per
634 4235 785 4291 manus
806 4209 978 4294 Domini
999 4210 1183 4324 Zbignei
1197 4209 1461 4320 ·Oancellarii
1480 4214 1718 4325 Praepositi
1739 4213 2051 4299 Oracovieuais.

532 4323 660 4428 Quod
681 4328 888 4437 ejusmodi
928 4328 1204 4443 Privilegium
1224 4331 1265 4411 in
1286 4331 1553 4446 Pergameno
1577 4335 1835 4443 descriptum
1858 4360 1956 4417 eum
1976 4330 2099 4416 aliter

427 4443 518 4524 fieri
537 4474 631 4531 non
642 4446 785 4555 potuit
805 4447 952 4540 Nobili
968 4447 1228 4550 Wierzbieta
1248 4450 1409 4536 Heredi
1428 4452 1472 4534 in
1492 4449 1656 4534 Bielslro
1673 4451 1852 4556 reddidi,
1874 4449 1992 4558 quod
2014 4449 2097 4534 duo
2184 4501 2189 4506 -

428 4565 752 4674 caetea-sigilla
783 4565 935 4670 adhuc
955 4569 1118 4650 intaeta
1135 4567 1301 4651 babuit
1332 4595 1536 4682 appensa.
1574 4673 1578 4679 .
1600 4570 1794 4655 Tandem
1816 4597 1912 4652 cum
1933 4567 2022 4654 Nos
2046 4565 2098 4648 de
2166 4643 2170 4650 .

324 4691 334 4712 “
429 4685 547 4762 statu
566 4683 768 4766 moderno
789 4685 1147 4798 intelligeremus,
1170 4689 1276 4770 etin
1297 4686 1494 4771 absentia
1523 4687 1707 4773 Parochi
1736 4687 1864 4798 plene
1883 4683 2098 4772 informari

430 4822 518 4902 non
538 4795 769 4906 valuimus,
800 4799 989 4906 hemines
1022 4831 1147 4888 senes
1170 4805 1493 4912 advocavimus,
1516 4813 1559 4889 et
1580 4805 1637 4892 ad
1657 4813 1909 4917 perpetuam
1928 4803 1989 4889 rei
2007 4829 2099 4904 me:
