4890 5924
1123 709 1516 784 -tlt--

422 913 614 999 videntia
636 860 785 996 Abbas
809 907 1054 1018 Monastery
1077 909 1331 1018 Tynicensis
1353 906 1524 995 Ordinis
1560 911 1606 997 S
1630 911 1852 996 Benedicti
1889 921 2094 1026 totusque

427 1033 676 1118 Ocnventus
697 1025 886 1112 eiusdem
908 1027 1130 1111 Ecclesiae
1147 1013 1493 1113 Reformalioni
1461 1030 1608 1135 rpsius
1628 1029 1877 1144 Monastery
1897 1058 1983 1119 non
2003 1065 2114 1126 mon,

426 1151 566 1232 dicum
587 1149 874 1248 intendentes,
896 1145 948 1227 de
971 1146 1148 1231 consilio
1185 1147 1413 1254 proborum
1434 1149 1615 1232 virorum
1638 1149 1740 1233 Frat
1723 1158 1836 1232 trum
1855 1161 2096 1240 nostrorum

424 1267 692 1350 vendidimus
730 1265 854 1350 Scult
837 1265 1016 1346 tetiam
1005 1295 1047 1346 ιιι
1069 1266 1173 1348 villa
1208 1274 1355 1370 nostra
1389 1263 1614 1348 Zbcrcwicc
1645 1271 1763 1351 dicta
1783 1269 1981 1354 Discrcto
2003 1274 2094 1357 viro
2206 1257 2210 1262 ¹

424 1385 550 1470 Petro
572 1379 695 1466 Scult
678 1393 765 1466 teto
789 1383 840 1464 dc
861 1382 1011 1492 Lapat
1032 1413 1108 1492 pro
1130 1381 1211 1466 XL
1234 1383 1387 1466 marcis
1424 1409 1668 1493 grossorum
1702 1397 1901 1470 monetae
1933 1389 2095 1472 usualis

423 1502 505 1587 sibi
526 1529 582 1584 ao
600 1504 688 1584 suis
706 1503 890 1611 posteris
912 1528 1041 1607 perpe
1047 1510 1119 1580 tuo
1148 1500 1466 1604 possidendam.
1527 1497 1579 1576 ln
1601 1523 1690 1604 qua
1711 1493 1874 1578 scilicet
1894 1495 1992 1578 ville
2016 1501 2094 1582 dc·
2093 1525 2098 1533 “

410 1646 575 1728 namus
596 1619 735 1701 eidem
755 1620 881 1700 Petro
905 1643 956 1698 ac
978 1617 1065 1698 suis
1101 1616 1243 1728 pueris
1281 1613 1388 1695 duce
1424 1639 1596 1695 mansos
1632 1613 1810 1716 liberos,
1848 1601 2094 1700 Tubernam

424 1737 774 1840 construendam,
816 1735 1042 1844 piscinam,
1083 1731 1389 1844 molendinum,
1441 1731 1668 1814 macellum
1708 1734 1852 1842 panis,
1903 1735 2095 1818 carnium
2232 1727 2238 1746 ¹

423 1883 557 1940 unum
581 1863 625 1936 ct
644 1881 779 1937 unum
813 1851 1024 1954 sutorum,
1060 1849 1316 1958 piscationes
1352 1847 1508 1932 liberas
1546 1876 1597 1932 ac
1627 1853 1895 1954 venationes,
1927 1863 2095 1935 sextum

268 2069 275 2078 ⁸
425 1974 643 2058 denarium
666 1973 717 2053 de
739 1991 870 2054 censu
902 1977 946 2050 et
964 1969 1137 2050 tertium
1169 1969 1219 2050 de
1250 1966 1406 2050 iudicio
1444 1993 1542 2049 cum
1577 1969 1774 2053 omnibus
1810 1961 2095 2072 libertatibus,
2162 1997 2171 2020 ·

186 2084 189 2094 ⁵
259 2106 262 2114 '
423 2093 534 2204 qu'es
570 2087 729 2174 habere
767 2089 908 2175 solent
930 2089 1002 2196 ely
1025 2086 1206 2171 Scultet'
1179 2095 1208 2165 tr
1230 2083 1356 2166 huius
1377 2085 1543 2190 Regni
1552 2073 1789 2165 secundum
1810 2086 1893 2167 ‹Jus
1914 2087 2093 2196 Mayde·

422 2209 638 2314 burgense
653 2218 706 2282 et
724 2219 992 2286 commrmem
1014 2197 1369 2282 consuetudinem
1400 2199 1576 2284 aliorum
1607 2209 1706 2282 nost
1707 2228 1850 2285 rorum
1872 2201 2092 2290 Scultsto·

421 2351 528 2406 rum.
577 2318 894 2404 Ocnoedimus
883 2339 1055 2425 msuper
1075 2317 1224 2400 incolis
1246 2313 1436 2398 eiusdem
1456 2315 1584 2403 villae
1608 2316 1659 2399 de
1683 2319 1807 2402 cultis
1830 2323 1943 2431 agris
1965 2323 2090 2406 trium

422 2453 647 2540 annorum,
670 2439 721 2520 de
743 2435 850 2520 silva
870 2461 969 2518 vcro
992 2433 1091 2519 XX.
1114 2459 1320 2524 annorum
1340 2432 1600 2538 libertatem,
1631 2445 1730 2548 post
1759 2465 1937 2550 quorum
1968 2465 2093 2524 resc-⁸

420 2557 623 2647 lutionem
637 2555 698 2636 de
722 2553 917 2664 quolibet
936 2579 1087 2654 manso
1109 2553 1214 2637 Vlll
1237 2549 1390 2635 Scotos
1414 2553 1515 2635 dare
1536 2555 1805 2658 tenebuntur,
1824 2583 1904 2664 pro
1928 2557 2110 2642 decima·

421 2700 521 2758 vero
544 2685 585 2755 a
606 2675 740 2780 primo
773 2699 884 2756 anno
916 2697 1054 2782 usque
1077 2659 1133 2754 ad
1154 2671 1404 2756 vicesimum
1426 2669 1481 2753 de
1503 2672 1629 2755 cultis
1661 2676 1776 2782 agris
1813 2676 1973 2783 pariter
1995 2705 2092 2760 cum

420 2790 582 2876 rubetis
597 2789 836 2878 mansuetis
860 2788 958 2902 (sic)
992 2791 1043 2872 de
1064 2791 1244 2899 singulis
1266 2789 1426 2870 mansis
1447 2817 1523 2898 per
1543 2789 1749 2874 fertonem
1769 2792 1893 2878 nobis
1916 2787 2092 2878 dabunt.

422 2909 527 2993 Post
548 2909 775 2994 decursum
806 2935 907 2991 vero
939 2906 1039 2992 XX.
1073 2935 1278 2990 annorum
1301 2915 1345 2988 et
1366 2909 1557 3042 expirata
1585 2908 1781 2993 libertate
1803 2921 1847 2992 et
1863 2924 2094 2998 mansueta

423 3025 686 3108 haereditate
709 3027 929 3140 saepedict
932 3057 976 3128 a,
912 3025 1052 3108 tde
1075 3023 1270 3133 quolibet
1252 3015 1415 3106 laneo
1432 3034 1481 3107 ut
1497 3028 1718 3136 supradrc
1719 3057 1792 3109 um
1813 3039 1878 3111 est
1899 3059 1977 3138 per
1993 3041 2090 3115 cctc
2162 3027 2168 3035 ’

422 3173 497 3228 sco
500 3153 567 3228 tos
588 3172 665 3255 pro
687 3173 822 3229 censu
844 3155 887 3226 et
906 3170 982 3252 pro
1006 3143 1171 3226 decima
1192 3139 1273 3224 fert
1257 3145 1400 3227 tenes·
1395 3139 1531 3227 nobis
1545 3145 1645 3228 dare
1667 3154 1766 3226 sunt
1788 3147 1960 3230 astricti.
2008 3148 2092 3233 Oe-

262 3317 277 3330 ,
423 3271 559 3345 terum
595 3264 677 3344 tria
712 3265 922 3370 prandia
912 3292 954 3345 ιιι
977 3289 1087 3345 anno
1127 3251 1388 3370 q'uclibetet
1370 3259 1625 3345 thcnores
1616 3293 1658 3356 m
1680 3261 1837 3346 Christi
1808 3265 2096 3349 tnativitate

402 3383 497 3462 et
484 3409 529 3462 m
549 3381 720 3463 Pascha
755 3383 1017 3466 secundum
1009 3377 1382 3462 consuetudinem
1402 3405 1629 3489 perunum
1651 3409 1847 3494 grossum
1870 3383 2092 3470 demenso

423 3497 616 3696 quolibtet
636 3497 759 3582 nobis
782 3499 959 3592 dabunt.
991 3497 1157 3580 Damus
1182 3497 1315 3578 etiam
1337 3497 1507 3580 eisdem
1527 3525 1604 3608 pro
1626 3499 1799 3612 pascuis
1821 3527 1952 3582 unum
1974 3531 2091 3585 man·

348 3625 371 3695 ,“
423 3623 583 3698 sumet
605 3619 660 3702 ad
680 3615 919 3704 Ecclesiam
955 3615 1113 3700 ibidem
1150 3621 1273 3700 const
1256 3611 1478 3698 truendam
1508 3639 1585 3723 pro
1607 3625 1753 3702 nostra
1789 3617 1925 3699 salute
1962 3639 2092 3701 unum

355 3811 356 3816 ι
422 3733 629 3817 mansum.
682 3735 947 3821 Donamus
935 3763 1107 3843 msuper
1138 3729 1383 3842 saepedicto
1338 3731 1541 3818 tPetro
1564 3761 1616 3815 ac
1638 3735 1769 3845 ipsius
1799 3737 1982 3842 posteris
2003 3735 2092 3844 ple·

421 3879 521 3936 narn
540 3849 780 3936 libertatem
800 3855 1034 3954 vendendi,
1072 3851 1301 3952 alienandi,
1335 3852 1573 3961 exponendi
1595 3861 1637 3934 et
1657 3860 1844 3950 commut
1827 3851 1956 3934 tandi
1965 3877 2091 3961 prae·

335 4029 338 4038 .
422 3945 581 4055 dietam
614 3967 866 4055 Scultetiam
895 3972 1065 4081 quoties
1096 3969 1295 4072 voluerit,
1326 3977 1470 4058 nostro
1492 3979 1754 4054 tamencum
1776 3993 1970 4052 assensu.
2018 3969 2092 4054 In·
2199 3969 2211 3988 ’

390 4112 552 4198 supoe
588 4083 808 4170 scultetus
844 4085 1116 4195 saepedictus
1155 4095 1343 4170 armatus
1378 4091 1535 4174 servire
1570 4087 1783 4172 tenebitur
1813 4095 2006 4172 nostrum
2035 4085 2093 4175 ad

420 4204 684 4290 mundatum.
745 4201 815 4288 Ad
846 4213 1036 4290 nostram
1071 4231 1170 4289 vero
1204 4202 1377 4296 Ourima
1400 4205 1507 4290 duos
1528 4231 1698 4312 mansos
1717 4231 1794 4314 pro
1814 4203 1939 4300 nobis
1958 4231 2094 4292 reser-

420 4350 586 4412 samus
638 4319 841 4408 Oetemm
862 4323 994 4432 cipro
1026 4323 1157 4406 nostri
1171 4322 1518 4432 “Mcncsteryut
1500 4320 1724 4410 tilitatibus
1754 4349 1833 4410 nos
1864 4323 2094 4436 contigerit

420 4443 464 4524 in
483 4441 671 4525 futurum
693 4443 837 4551 aliqua
858 4450 981 4526 const
982 4469 1105 4523 ruere
1126 4439 1195 4526 vel
1215 4441 1462 4545 aedificare,
1482 4443 1680 4527 nolumus
1700 4441 1824 4525 nobis
1846 4443 2093 4549 supradicta

378 4627 380 4631 .
451 4560 725 4644 raeiudieare
786 4557 843 4642 Et
863 4567 912 4642 ut
895 4561 1041 4642 thaec
1063 4561 1204 4644 omnia
1225 4567 1269 4642 et
1288 4559 1460 4672 singula
1487 4567 1698 4670 perpetua
1727 4567 1928 4643 maneant
1910 4558 2110 4643 tstabi-

420 4589 539 4759 litate
560 4670 749 4782 firmata,
781 4701 862 4760 nec
894 4675 1132 4790 cquclibet
1163 4676 1468 4778 Successcrurn
1498 4669 1740 4764 nostrorum
1769 4677 1941 4772 valeant
1968 4702 2092 4811 prae

420 4787 580 4905 pediu,
609 4798 878 4904 praesentem
908 4797 1113 4907 peginam
1143 4793 1354 4885 conciti
1382 4789 1566 4882 fecimus
1598 4799 1641 4880 et
1672 4789 1811 4907 Sigilli
1838 4795 1970 4884 ιιοιιιί
1998 4802 2093 4880 m'u·
2178 4795 2184 4810 ’
