4822 5924
989 695 1396 774 'vilil-

418 897 663 1004 ιιιιιιιιιιιιιιι,
684 893 951 1001 habendum,
966 894 1252 1003 vendendum,
1267 891 1629 997 commutandum,
1646 905 1901 982 crementes
1913 855 2097 988 emrdbm

333 1063 338 1070 ·
419 1018 651 1107 scultetum
673 1024 717 1100 et
734 1011 896 1100 incolas
926 1013 1095 1125 prelata
1122 1013 1219 1103 ville
1250 1012 1308 1100 ab
1338 1014 1537 1100 omnibus
1577 1014 1864 1154 potestatibus
1898 1017 2093 1126 judicum

421 1140 482 1222 itu
496 1134 614 1275 quod
629 1159 772 1218 coram
787 1132 901 1220 nullo
921 1134 1114 1220 habeant
1131 1133 1390 1274 respondere
1405 1160 1483 1248 pro
1499 1134 1643 1216 causis
1662 1142 1752 1216 tam
1771 1138 1942 1247 magnis
1964 1135 2101 1246 quarn·
2129 1174 2132 1180 ·

420 1257 575 1370 perun,
597 1253 675 1336 sed
694 1261 862 1338 tantum
902 1252 1047 1339 incole
1062 1257 1206 1341 coram
1225 1253 1412 1362 ipsorum
1433 1251 1639 1392 sculteto,
1667 1250 1877 1338 scultetus
1898 1279 2001 1340 vero
2021 1281 2102 1340 co·
2251 1288 2261 1296 ·

422 1401 515 1476 mm
543 1370 709 1466 nobis
697 1399 789 1456 rure
818 1369 1067 1457 theutonico
1088 1369 1377 1482 respondebit
1428 1369 1480 1454 In
1501 1371 1642 1456 causis
1672 1395 1774 1455 vero
1806 1371 2098 1458 criminalibus

387 1596 390 1602 .
424 1469 606 1578 sculteto
623 1499 668 1574 et
684 1491 771 1576 suis
788 1489 1106 1576 successoribus
1129 1491 1281 1574 damus
1298 1489 1587 1600 plenissimam
1607 1477 1860 1578 iaoirltatem
1873 1490 2100 1600 judicandj

424 1635 551 1720 super
571 1637 746 1694 manum
763 1617 807 1692 et
821 1611 986 1692 collum.
1017 1609 1169 1694 Eciam
1191 1609 1342 1697 damus
1362 1605 1566 1746 predicto
1575 1605 1773 1692 sculteto
1769 1617 1954 1728 propter
1969 1635 2098 1694 sunm

357 1729 360 1736 '
425 1729 646 1817 seruitium
666 1727 855 1810 fidelem
875 1715 998 1812 metr's
1020 1735 1064 1812 et
1083 1729 1172 1810 suis
1202 1728 1381 1840 posteris
1409 1727 1581 1836 piscarj.
1612 1726 1771 1835 venep.
1833 1714 2011 1838 Insuper
2031 1751 2129 1812 re-·

424 1849 664 1933 manentias
688 1855 760 1930 ext
759 1874 808 1932 ra
828 1871 1070 1930 mensuram
1089 1846 1323 1932 laneorum.
1356 1845 1474 1958 quod
1495 1844 1763 1934 Theutonico
1785 1845 2003 1950 obiirsclcr
2022 1869 2100 1931 no

426 1967 642 2051 minatur
631 1993 675 2046 ιιι
698 1990 783 2071 quo
806 1965 957 2050 domus
979 1992 1058 2048 sua
1079 1991 1177 2048 oum
1196 1963 1363 2074 piscina
1379 1973 1448 2050 ast
1469 1956 1733 2065 constructa,
1763 1991 1902 2076 usqne
1924 1965 1981 2048 cd
2000 1990 2101 2075 gra·

425 2085 557 2168 nicias
578 2079 813 2166 Jarosctow
835 2083 888 2168 de
909 2093 1054 2176 nostro
1087 2083 1256 2191 spetiali
1284 2081 1433 2173 fauore
1466 2082 1707 2193 elargimur,
1729 2084 1879 2191 quod
1867 2109 1985 2193 1psos
2005 2083 2099 2166 nul-
2102 2159 2105 2166 .

424 2201 671 2287 lusaudeat
690 2201 919 2310 impedire.
962 2199 1178 2296 Scultetus
1204 2227 1306 2288 vcro
1327 2200 1545 2312 predictus
1570 2210 1614 2304 ct
1632 2201 1699 2284 sui
1717 2203 1877 2308 posteri
1898 2201 2022 2285 nobis
2044 2201 2102 2284 ad

256 2341 273 2354 ·
425 2317 662 2432 quamlibet
684 2321 935 2430 generalem,
949 2320 1262 2430 expeditionem
1282 2323 1326 2402 in
1349 2347 1463 2432 equo
1491 2319 1661 2408 valente
1683 2318 1791 2403 duas
1812 2347 1978 2403 marcas
2001 2347 2100 2402 cum

426 2439 596 2549 sagittis
632 2441 790 2522 seruire
801 2448 914 2520 eunt
933 2439 1107 2532 astricti.
1150 2439 1221 2524 -In
1243 2439 1363 2522 cuius
1384 2441 1444 2522 rai
1465 2438 1751 2524 testimonium
1771 2439 1925 2524 nostris
1946 2436 2100 2520 fidedi-

429 2557 525 2668 gnis
553 2556 747 2658 [testibus
769 2554 868 2669 (sio)
905 2555 960 2667 (ἦ)
991 2555 1132 2642 Primo
1153 2583 1232 2644 noe
1253 2554 1445 2641 Joannes
1468 2555 1997 2651 duroswiienoaiimenris
2024 2555 2107 2640 do·-

426 2673 565 2758 minus
587 2672 783 2760 Schosko
813 2673 942 2760 Hono
973 2675 1210 2760 advocatus
1244 2675 1297 2757 de
1328 2673 1475 2759 Zatlror
1491 2674 1561 2792 (ὃ).
1592 2674 1750 2782 Hecu
1780 2675 1950 2762 Golden
1981 2671 2101 2758 wla-

429 2792 586 2876 darius.
632 2789 793 2876 Datum
828 2795 872 2874 in
908 2791 1056 2878 Ζιιιιιοι·
1075 2795 1119 2875 in
1141 2795 1209 2876 die
1252 2791 1410 2884 Sancta
1441 2793 1624 2904 Agnetis
1655 2796 1831 2902 virginis
1855 2803 1898 2876 et
1917 2793 2098 2878 martiris

432 2938 540 2994 anno
575 2911 733 3018 domini
753 2910 972 2996 millesimo
992 2913 1280 3024 tricentesimo
1303 2910 1571 3023 sexagesimo
1593 2913 1740 3022 primo.

534 3241 544 3316 ι
545 3235 576 3315 ⁴)
594 3232 780 3302 Conclusio
793 3229 883 3302 haec
890 3195 1022 3302 tabulas
1041 3233 1199 3302 inusitato
1213 3243 1247 3301 et
1265 3233 1456 3304 admnaudc
1470 3233 1606 3302 testium
1613 3235 1867 3385 inscrilptio,
1800 3255 1926 3320 ,causa
1939 3233 2101 3304 Mnczko·
2208 3311 2215 3316 ,

429 3316 533 3410 'scic
554 3317 629 3471 {rit
643 3328 770 3406 ιιιιιιιιιι
796 3317 893 3408 signo
920 3318 1163 3404 interjectionis
1189 3328 1334 3402 notem,
1338 3321 1408 3394 ,sic'
1409 3318 1585 3388 ’nucibus
1611 3322 1718 3388 interc

431 3424 557 3488 pecare

533 3491 561 3570 (ι
563 3491 581 3589 l
600 3489 743 3572 Zotonc,
760 3487 859 3557 Zoloc-
873 3487 956 3555 urbs
970 3487 1121 3556 hodiem
1135 3487 1300 3559 Gauius
1291 3513 1326 3556 ιιι
1306 3447 1879 3576 Wsdorricensitarritori0301im
1898 3503 2008 3560 terrae
2023 3489 2107 3561 οη·

294 3575 298 3586 ’
433 3571 602 3642 commin
618 3593 709 3660 pars,
736 3571 885 3641 sacculo
900 3573 973 3642 ΧΠ
989 3573 1129 3642 silesiae
1144 3575 1249 3662 regio.
1267 3575 1364 3644 lator
1378 3574 1494 3642 babuit
1510 3595 1604 3642 ιιιιιιιι
1613 3539 1790 3693 proprium
1807 3575 1932 3644 ducem.

1731 3343 1836 3404 usam,
1857 3321 1892 3390 in
1906 3319 2100 3410 apographo
2242 3397 2248 3406 ,
