4930 5922
1027 694 1083 714 ...
1142 657 1315 732 tm·-

1101 1047 1261 1170 Lle.

684 1255 1131 1407 onocoetae-514
1155 1219 1304 1352 sara
1322 1243 1478 1355 Δ1302
1506 1291 1668 1398 anno.
1769 1213 1865 1416 'sb
1945 1260 1961 1400 ι’
1982 1301 1990 1338 :
2119 1197 2122 1204 Ι

342 1474 589 1566 muoparon
609 1471 791 1544 tranensis
813 1473 846 1542 et
868 1471 1076 1544 traconensis
1098 1473 1256 1562 episeopus
1277 1473 1391 1544 hulam
1410 1471 1628 1543 nonen-n
1647 1473 1760 1563 rane,
1790 1471 1859 1565 nu
1880 1452 2010 1550 nana

341 1577 440 1664 tertii,
461 1575 708 1668 annonariam
729 1573 941 1644 neironem
962 1571 1240 1662 stellionatum,
1263 1575 1299 1644 ut
1321 1573 1800 1646 reelesirerlitncnrrtenm
1815 1575 2010 1664 mairem,
2105 1617 2121 1636 κ
2277 1612 2280 1620 ·

383 1675 422 1747 ia·
436 1673 602 1778 manem
622 1671 776 1792 promota
794 1672 890 1758 utre,
912 1674 1050 1762 tenpore
1071 1671 1226 1744 unitati
1246 1672 1350 1756 lirim
1371 1673 1643 1756 ominatum
1664 1675 1798 1766 perant,
1812 1677 1989 1766 pulani,
2134 1725 2138 1740 .

1032 1775 1065 1845 u
1086 1773 1254 1845 admittunt
1269 1777 1320 1857 (¹).

448 1941 642 2030 lacobus
663 1943 936 2028 miseracione
960 1945 1102 2030 diuina
1123 1954 1271 2028 sancte
1294 1944 1587 2032 Gnezdnensis
1618 1946 1810 2031 Ecclesia
1831 1947 2009 2034 Archie-

342 2067 541 2177 piscopus
559 2060 613 2174 (²)
650 2089 836 2144 necnon
859 2071 902 2143 et
917 2061 948 2144 J
950 2063 1141 2146 ohannes
1164 2064 1312 2146 eadem
1334 2065 1480 2174 gracia
1500 2063 1740 2172 Episcopus
1764 2068 2011 2152 eracouien·

343 2183 399 2264 sis
422 2181 476 2294 (³)
498 2179 716 2266 Uniuersis
736 2189 954 2285 presentes
974 2181 1134 2262 litteras
1155 2183 1408 2289 inspecturis
1422 2182 1611 2270 ¹salutem
1632 2181 1676 2260 in
1698 2179 1879 2269 domino.
1921 2185 2010 2267 No·

312 2303 317 2314 ’
343 2301 452 2384 uerit
470 2296 722 2382 uniuersitas
744 2305 887 2377 vestra
906 2323 983 2379 nos
1005 2298 1162 2382 vidisse
1175 2299 1343 2400 ¹litteras
1366 2295 1496 2381 felicis
1518 2297 1825 2380 recordacionis
1855 2299 2011 2382 domini

344 2417 505 2524 honorij
527 2443 638 2527 pape
660 2411 726 2496 III
749 2414 925 2524 eiusque
946 2413 1068 2524 Bulla
1090 2410 1302 2520 BullataS,
1323 2439 1409 2498 non
1431 2415 1687 2508 cancellatas
1709 2441 1793 2496 non
1815 2414 2009 2518 abolitas,

344 2559 586 2634 marosas,
608 2557 688 2612 nec
709 2529 752 2610 in
773 2541 895 2638 parte
916 2533 981 2612 sui
1002 2534 1146 2644 aliqua
1166 2535 1357 2618 viciatas
1401 2529 1592 2631 Quarum
1612 2541 1733 2614 tenor
1753 2531 1849 2614 talis
1872 2540 1948 2614 est.
1980 2591 1985 2602 .

451 2651 576 2734 1225.
607 2647 821 2732 Honorius
832 2645 898 2760 (⁴)
923 2649 1146 2758 episcopus
1169 2679 1324 2742 seruus,
1339 2649 1658 2734 seruorumdei.
1689 2647 1867 2732 Dilectis
1887 2649 2008 2758 filijs..

342 2768 557 2874 preposito
580 2777 622 2846 et
641 2764 839 2846 fratribus
872 2765 1069 2848 dominici
1100 2770 1284 2876 sepulcri
1316 2767 1494 2850 salutem
1519 2778 1561 2848 et
1581 2765 1858 2876 apostolicam
1878 2767 2011 2850 bene·

344 2883 582 2968 dictionem.
633 2879 836 2976 Precibus
867 2885 1021 2996 nostris
1052 2884 1288 2995 benignum
1318 2885 1597 2991 inpercientes
1615 2910 1840 2994 assensum
1863 2892 2011 2969 aueto-

342 3001 465 3084 ritate
482 2999 619 3085 'nobis
651 2999 916 3109 presencium
946 3001 1238 3112 indulgemuS,
1260 3003 1370 3083 utin
1393 2991 1627 3112 collegiatis
1661 2999 1869 3110 eeclesijs‚
1902 3029 2010 3112 quas

342 3117 510 3202 habetis
529 3121 574 3201 in
599 3115 844 3200 Gnezdnensz'
861 3115 915 3229 (ὅ)
951 3121 1172 3226 prouincia
1200 3121 1329 3202 liceat
1356 3116 1479 3202 vobis
1503 3111 1713 3230 generalis
1735 3127 1926 3230 tempore
1946 3121 2009 3202 in-
2093 3140 2101 3150 ·

341 3235 511 3320 terdicti
530 3263 617 3320 non
637 3234 814 3344 pulsatis
837 3229 1055 3344 campanie
1077 3239 1230 3320 clausis
1245 3232 1387 3348 januis
1422 3236 1796 3322 excommunicatis
1819 3245 1863 3317 et
1882 3238 2011 3329 inter·

344 3351 468 3436 dictis
506 3353 685 3436 exclusis
721 3351 933 3446 submissa
968 3381 1073 3437 voce
1113 3355 1255 3437 diuina
1291 3353 1432 3438 officia
1468 3353 1694 3440 celebrare.
1756 3353 1869 3436 Nulli
1908 3379 2009 3464 ergo

291 3499 295 3508 ·
344 3473 513 3556 omnino
534 3469 749 3554 hominum
769 3470 894 3550 liceat
914 3471 1025 3552 hanc
1046 3474 1251 3582 paginam
1281 3479 1422 3556 nostre
1456 3472 1738 3556 concessionis
1769 3469 2010 3578 infringere,
2149 3547 2155 3554 .

343 3585 412 3670 vel
432 3589 471 3694 ei
491 3615 599 3672 ausu
617 3587 870 3670 themerarie
904 3589 1124 3670 contraire.
1159 3587 1206 3672 Si
1236 3593 1332 3700 quis
1365 3598 1507 3673 autem
1538 3591 1620 3672 hoc
1641 3595 1893 3692 attemptare
1914 3612 2011 3692 pre-

343 3707 571 3816 sumpserit
590 3705 933 3816 indignacionem
965 3706 1261 3814 omnipotentis
1285 3707 1352 3788 dei
1375 3714 1419 3785 et
1436 3705 1659 3788 beatorum
1688 3703 1804 3788 Petri
1826 3703 1871 3784 et
1888 3703 2010 3786 Pauli

343 3821 628 3933 apostolorum
665 3823 758 3906 eius
775 3849 822 3906 se
842 3821 1009 3906 nouerit
1047 3823 1325 3906 incrusurum.
1377 3821 1538 3906 Datum
1559 3821 1698 3906 Reate
1715 3815 1845 3904 VIIII
1856 3815 2010 3903 kalen-

341 3941 420 4025 das
442 3940 544 4051 Julij
566 3939 840 4050 pontificatus
862 3943 994 4024 nostri
1014 3967 1125 4025 anno
1147 3941 1284 4025 Nono,

446 4173 490 4253 (¹)
511 4172 562 4238 Ex
578 4169 731 4258 originali
744 4171 857 4238 tabula
870 4171 893 4239 J
896 4169 1013 4258 osephi
1027 4171 1195 4238 Rusieccii
1211 4171 1347 4257 propria
1362 4170 1611 4257 descripserunt
1633 4170 1730 4238 ambo
1752 4169 1860 4238 nestri
1881 4167 2008 4236 codicis

294 4265 299 4273 “
344 4263 497 4326 auctores
510 4255 582 4322 Leo
600 4257 854 4339 Rzyszczewski
869 4266 903 4322 et
916 4255 1084 4324 Antonius
1107 4255 1343 4324 Muczlrowski.
1362 4255 1478 4343 sigilla
1493 4255 1623 4322 desunt.

280 4336 286 4352 “
447 4339 489 4420 (²)
511 4339 661 4408 «lacobus
676 4339 709 4406 II
725 4341 913 4407 Stemmatis
930 4341 1064 4408 swinka
1078 4340 1350 4426 archiepiscopus
1374 4339 1582 4408 Gnesnensis
1600 4339 1819 4404 lass-lars

446 4426 491 4504 (³)
510 4423 704 4490 loannesll
719 4423 828 4494 dictus
843 4423 1000 4493 Muskata
1014 4425 1192 4509 episcopus
1210 4423 1449 4492 Cracoviensis
1461 4425 1685 4490 rasa-1320.

445 4502 815 4590 (⁴)Hoi10riustertius
831 4532 860 4577 a.
879 4511 961 4576 1216*
974 4531 1062 4606 papa
1074 4508 1213 4590 electus,
1224 4519 1375 4574 mortuus
1392 4510 1486 4572 1227.
1522 4507 1640 4574 Annus
1661 4506 1772 4603 itaque
1801 4521 1910 4570 nonus
1935 4506 2007 4590 ejus

342 4591 557 4746 pppgificatus
573 4601 644 4658 erat
660 4593 752 4658 1225.
768 4593 864 4660 Bulla
878 4593 960 4660 haec
976 4593 1076 4680 igitur
1088 4591 1164 4658 data
1179 4603 1230 4658 est
1244 4617 1264 4657 a
1278 4592 1434 4678 pontifice
1450 4594 1470 4657 8
1483 4589 1641 4655 kalendas
1650 4589 1673 4656 J
1674 4589 1741 4672 ulii,
1752 4587 1788 4653 id
1802 4597 1855 4656 est
1870 4590 1912 4654 24
1923 4589 2009 4676 junii

442 4697 540 4742 anno·
1201 4715 1204 4720 ·
1637 4731 1641 4738 ,
1770 4722 1772 4730 ·
1819 4706 1835 4733 .:

330 4779 335 4784 '
447 4761 490 4842 (³)
513 4759 651 4844 Genea,
662 4761 808 4846 Getieum,
820 4761 900 4830 urbs
914 4759 1141 4845 aequuum·
1156 4759 1327 4841 Helonius,
1342 4757 1442 4827 hodie
1457 4758 1493 4828 in
1506 4777 1627 4844 magno
1640 4755 1764 4824 dunas
1776 4756 2015 4827 Pammenes·
