4856 5932
867 703 1281 788 ,-re³-

320 913 501 991 utrorum
521 901 847 989 Ocnsiliarorum
867 912 969 987 tunc
989 901 1111 988 lateri
1130 913 1273 992 nostro
1295 903 1585 987 assedcncium
1606 903 1760 1013 hicque
1781 931 1957 1015 congre·

320 1034 527 1138 gutorum.
559 1025 734 1106 veniens
763 1023 1024 1133 presenciam
1061 1022 1323 1106 Venerabilis
1345 1033 1389 1107 et
1408 1023 1646 1134 Religiosus
1667 1022 1959 1108 Maturus-Ab-

318 1144 397 1228 bas
418 1141 658 1252 Monasterij
680 1141 1012 1253 Thynyecensis,
1033 1143 1211 1226 litteram
1234 1167 1310 1224 scu
1329 1143 1596 1255 priuilegium
1627 1169 1752 1252 super
1773 1167 1960 1226 commu-

317 1265 484 1348 tacione
507 1260 716 1345 Bonorum
737 1261 1093 1345 hereditariorum.
1130 1263 1181 1344 de
1205 1261 1427 1348 Consensu
1448 1275 1490 1346 ct
1511 1262 1736 1364 voluntate,
1777 1259 1958 1344 Preclari

319 1383 416 1469 clim
435 1379 640 1489 Principis
663 1381 818 1464 domini
840 1380 1024 1465 Conradi
1044 1381 1176 1465 Ducis
1199 1382 1505 1486 Oracouicnsis,
1540 1381 1847 1491 predecessoris
1884 1407 1960 1465 uo-

306 1497 699 1602 ·stri.·rutificatum‚
725 1499 1003 1611 approbatum
1027 1511 1069 1584 et
1089 1501 1394 1585 confirmatum.
1419 1515 1550 1613 etque
1573 1501 1847 1586 donacionem
1871 1525 1961 1582 cer·

318 1629 455 1705 tarum
477 1619 759 1723 Decimarum,
793 1647 868 1730 pro
905 1619 1092 1705 Oenobio
1128 1647 1205 1704 scu
1240 1620 1492 1728 Monaeterio
1528 1622 1571 1702 in
1600 1617 1855 1730 Stuuyutlrlry.
1887 1641 1963 1727 per

319 1737 525 1850 prefatum
547 1734 783 1848 Principem
806 1739 1047 1824 Oonradum
1068 1742 1411 1850 predecessorem
1447 1750 1647 1826 nostrum.
1683 1743 1778 1822 rittc
1801 1737 1898 1852 (sic)
1921 1743 1963 1829 et

298 1860 537 1970 legittime.
571 1881 620 1942 ac
656 1869 870 1968 perpetue.
902 1858 1071 1961 factam.
1109 1861 1434 1971 appropriatam.
1468 1870 1511 1944 et
1546 1859 1681 1944 cidem
1709 1856 1963 1943 Monasterio

318 1980 626 2088 incorporatam
649 1987 691 2079 et
710 1981 969 2088 asscriptum.
1001 1979 1043 2059 in
1080 2005 1124 2061 se
1162 1979 1444 2062 continentem
1465 1978 1617 2065 obtulit
1639 1990 1682 2062 et
1700 1977 1965 2090 presentauit

321 2095 671 2208 Supplicauitque
702 2096 915 2180 Maiestati
949 2105 1102 2201 nostre,
1140 2094 1362 2196 Quatenus
1401 2127 1453 2181 ex
1483 2098 1627 2184 fauore
1647 2096 1961 2184 munificencia-

321 2243 406 2328 que
424 2215 755 2327 nostra-Regali.
787 2215 1025 2301 huiusmodi
1044 2214 1229 2300 litteram·
1258 2243 1334 2298 seu
1361 2217 1640 2331 priuilegium.
1675 2216 1877 2300 iunouarc
1895 2243 1987 2324 res

318 2333 481 2418 tificsre
505 2346 547 2418 et
567 2335 813 2419 confirmare
836 2337 1115 2448 dignaremur.
1155 2335 1286 2422 Cuius
1309 2337 1479 2443 quidem
1500 2338 1635 2421 littere
1656 2345 1776 2422 tenor
1796 2334 1849 2418 de
1869 2361 1963 2418 uer·

318 2451 375 2538 bo
393 2451 645 2539 ad'uerbum
666 2458 856 2568 sequitur
877 2467 921 2539 et
941 2467 1006 2540 est
1024 2457 1132 2540 talis.
1196 2483 1198 2488 ·

672 2914 922 3023 (Graeceius,
953 2920 1035 3004 siue
1065 2919 1127 3004 dic
1149 2932 1330 3003 otmense
1356 2921 1466 3004 1242
1489 2927 1620 3025 cunc).

361 3151 637 3240 (conradus
647 3153 809 3228 urrann
824 3156 857 3228 et
870 3155 1027 3228 torridu
1040 3153 1104 3226 drr
1115 3153 1214 3226 nulle
1226 3154 1387 3248 privilegis
1399 3151 1585 3230 :cutem
1600 3150 1806 3248 surirurrrl
1819 3149 1937 3266 dursti

424 3361 474 3445 In
495 3364 661 3446 nomine
701 3372 850 3448 sancte
882 3278 1358 3450 Trinltatis⁸⁰indil1idue
1399 3279 1535 3448 Anien
1576 3359 1643 3476 (²).
1689 3360 1776 3456 Nos
1809 3357 1969 3445 Conra-

323 3477 400 3564 dus
415 3481 637 3594 'deigracia
657 3481 755 3566 Dux
778 3480 983 3567 Oracouie
1006 3495 1048 3565 et
1062 3483 1274 3590 Lancicie,
1297 3483 1487 3594 Ouyauie
1508 3492 1552 3567 et
1572 3481 1778 3566 Mazouie.
1810 3477 1967 3562 Notum

320 3596 500 3684 facimus
528 3603 732 3684 vniuersis
763 3601 1026 3712 presentibus
1063 3615 1106 3685 et
1140 3601 1289 3688 futuris
1323 3603 1432 3686 hanc
1469 3595 1671 3714 paginam
1707 3597 1967 3708 inspecturis.

289 3800 293 3806 .
321 3716 447 3820 Quod
469 3720 658 3804 dominus
694 3719 885 3806 Andreas
923 3721 1149 3805 Plocensis.
1189 3721 1438 3832 Episcopus.
1471 3734 1513 3803 et
1533 3720 1681 3803 fratres
1703 3717 1779 3799 sui.
1813 3711 1968 3802 Comes

322 3836 452 3922 Jmto
490 3839 755 3926 Castellanus
779 3841 838 3952 de
853 3839 984 3944 Roda,
1006 3850 1049 3922 et
1077 3835 1335 3950 Wirbyontlru
1360 3841 1603 3947 Propositus
1620 3836 1673 3919 de
1693 3831 1968 3948 Stuuyutlrelrp.

320 3959 364 4042 in
383 3963 604 4068 presencia
639 3962 767 4046 nostri
804 3988 855 4042 ac
876 3957 1088 4046 Beronum
1131 3971 1380 4060 nostrorum,
1422 3959 1817 4046 Commuttauerant
1850 3951 1986 4039 villas·

321 4104 428 4188 quas
450 4077 603 4164 Comes
626 4078 819 4165 Clemens
843 4077 1109 4165 Oastcllanus
1132 4077 1424 4166 Oracouicnsis
1462 4077 1605 4162 domui
1633 4077 1684 4158 dc
1709 4071 1970 4188 Stunyutlrequ

323 4196 512 4300 eontulit,
529 4197 701 4304 quando
722 4199 859 4308 ipsein
879 4197 1086 4282 fundauit.
1111 4227 1288 4312 quarum
1318 4199 1488 4282 nomina
1518 4197 1600 4280 hec
1637 4201 1745 4298 sunt,
1781 4191 1969 4302 Lypewa‚

324 4311 478 4426 Zupore
499 4313 655 4400 Bactri.
677 4315 932 4428 Roscoclrozo.
951 4317 1202 4430 'Lussouycp
1234 4313 1498 4427 Dluposclu'n.
1525 4309 1967 4423 &accumularemus

324 4433 516 4537 mediam,
539 4433 645 4520 Cum
668 4433 860 4520 omnibus
877 4436 1143 4543 vtilitatibus‚
1180 4466 1276 4520 eum
1309 4433 1556 4520 Molendinis
1593 4442 1636 4516 ct
1670 4459 1765 4513 cum
1784 4425 1970 4541 plumbo.

426 4665 465 4750 (²)
488 4669 696 4734 ...ursarum
712 4693 747 4736 uc
759 4672 917 4739 individue
929 4668 1279 4740 amaruodemordine
1293 4666 1327 4734 in
1340 4668 1451 4734 tabule
1464 4665 1567 4732 verba
1583 4671 1772 4749 sequuntur,
1782 4661 1965 4743 sedecriba,

320 4773 434 4818 errore
449 4753 683 4836 mim-eveno,
700 4765 891 4821 consuetum
905 4759 1078 4826 restituere
1094 4755 1197 4820 veluit
1210 4751 1354 4818 ordinem
1370 4765 1403 4818 et
1417 4751 1502 4817 hanc
1522 4751 1565 4816 cb
1581 4773 1722 4828 causum,
1738 4749 1847 4816 verbis
1858 4769 1969 4815 nume·

322 4859 377 4905 ros
392 4837 525 4904 eddidit.
543 4839 774 4927 conjunctioni
781 4841 1023 4908 veroccdeerat
1034 4839 1125 4906 locus
1140 4849 1173 4904 et
1184 4845 1358 4926 prepterea
1372 4859 1469 4924 super
1483 4857 1614 4904 versum
1630 4833 1738 4904 scriba
1749 4833 1966 4924 illempcsuit.

476 4957 618 5002 renum.
836 5034 838 5038 ι
1723 4956 1763 5022 55
