4930 5922
1139 714 1391 796 -oo-

342 959 348 970 .
425 927 672 1028 morianas
693 927 778 1007 bon
799 945 945 1005 eorum
957 919 1161 1030 quidemf
1183 940 1297 1031 quae
1331 930 1484 1032 postea
1503 923 1646 1006 firtura
1665 932 1776 1025 sunt,
1800 927 1878 1010 erit
1895 933 2092 1016 recorda-

425 1047 485 1128 tio
508 1043 623 1152 apud
645 1067 730 1142 eos,
752 1041 826 1150 qui
845 1037 976 1121 nuni
1011 1048 1110 1122 sunt
1143 1039 1189 1121 in
1218 1042 1461 1146 nouissimo,
1497 1067 1626 1151 opere
1661 1046 1849 1151 precium
1881 1058 1946 1131 est
1965 1062 2091 1160 gesta
2176 1103 2209 1134 -.

352 1207 354 1212 ·
426 1161 665 1247 transitoria
685 1161 1059 1240 instrumentorum
1080 1154 1319 1242 testimonio
1352 1161 1650 1244 commendare
1681 1166 1911 1246 memoriae
1945 1179 2090 1278 poste·
2211 1247 2216 1254 .

423 1287 576 1364 rorum.
608 1276 851 1386 Eapropter
870 1299 948 1358 nos
968 1270 1191 1358 Boleslaus
1211 1277 1484 1362 miseratione
1515 1278 1661 1360 diuina
1682 1282 1768 1362 dux
1788 1281 2087 1372 Oracouiensis
2235 1375 2241 1386 ,

427 1407 468 1479 et
491 1395 857 1505 Sandomiricnsis,
877 1393 1084 1475 universis
1107 1405 1151 1502 et
1170 1394 1348 1502 singulis
1378 1395 1676 1504 praesentibus
1708 1406 1752 1478 at
1781 1398 1936 1484 firturis·
1968 1405 2088 1489 duxi·

421 1541 517 1597 mus
541 1511 854 1601 declarandum.
902 1505 1032 1608 Quod
1052 1513 1156 1622 quia
1175 1511 1298 1596 nobis
1334 1513 1523 1623 legitime
1558 1516 1749 1598 constitit
1783 1544 1929 1602 omnes
1965 1524 2085 1608 villas
2160 1509 2178 1557 ³

420 1631 666 1741 Monasterij
689 1631 743 1712 de
764 1626 931 1742 Dbtbna
951 1629 1110 1711 ordinis
1138 1631 1542 1714 Premonstratensis
1574 1630 1873 1718 Cracouicnsis
1906 1639 2085 1727 discens

421 1753 650 1834 constitute
677 1745 786 1862 ¹(sio)
822 1773 898 1856 per
934 1755 1101 1830 nostros
1137 1748 1491 1856 praedecessores
1545 1749 1677 1836 duces
1713 1751 1785 1836 «ΠΙ.
1821 1752 2083 1843 Karimirum
2163 1839 2166 1844 ,
2303 1797 2307 1800 ·

420 1893 549 1970 auum
589 1877 779 1954 nostrum
815 1873 859 1946 et
892 1862 1192 1948 Lesehkonem
1231 1875 1398 1971 patrem
1431 1877 1625 1982 nostpum
1661 1871 1818 1977 inclyte
1854 1879 2085 1962 memorias

418 1987 661 2094 hujusmodi
681 1981 949 2071 libertatibus
969 1981 1102 2064 fuisse
1137 1984 1305 2066 dotatas
1327 1977 1543 2072 uterinas
1576 1985 1714 2072 coloni
1740 1991 1931 2097 ipsarum
1966 1996 2085 2078 villa·

416 2128 523 2206 rum,
539 2113 589 2186 et
607 2103 864 2209 tam-ipsius
900 2099 1147 2208 Monasterij
1185 2101 1239 2181 de
1269 2097 1437 2182 Dlahna
1472 2103 1629 2188 ordinis
1665 2105 2082 2220 Premonstratensis,
2201 2119 2209 2130 '

418 2249 531 2332 quae
553 2219 825 2332 amplioribus
845 2217 1097 2328 priuilegiis'
1116 2226 1341 2323 merentur,
1378 2244 1509 2330 quam
1545 2223 1859 2329 praedictorum
1897 2226 2083 2320 Colono·

414 2364 507 2421 rum
530 2349 717 2422 aratores
740 2362 792 2417 ac
812 2335 1061 2443 mercenarij
1084 2343 1128 2416 et
1148 2337 1355 2438 aduenae,
1388 2337 1462 2448 qui
1482 2340 1715 2447 vulgariter
1744 2335 1894 2424 zatum·
1919 2363 2082 2432 vocan-

414 2467 482 2540 tur
505 2489 532 2540 a
552 2456 755 2538 seruitute
778 2453 1010 2536 exactionis
1042 2453 1275 2556 custodiae,
1308 2480 1424 2565 quae
1455 2467 1583 2538 strom
1601 2458 1644 2538 in
1664 2460 1831 2568 vulgari
1861 2485 2083 2575 nuncupa·

411 2583 491 2680 tur,
513 2583 557 2657 et
578 2601 604 2656 a
623 2574 826 2682 pensione
846 2597 1069 2654 mensurae
1107 2569 1286 2677 Srzezna
1323 2595 1407 2682 que
1429 2574 1660 2683 vulgariter
1687 2588 1969 2686 nuncupatur,
2004 2613 2082 2693 pe-
2198 2601 2199 2605 ‘

388 2687 745 2803 ·ra11gariaquod
767 2716 794 2770 a
812 2689 944 2800 vulgo
963 2687 1156 2770 Poduodc
1177 2693 1424 2798 appellatur,
1446 2694 1607 2796 suntin
1627 2687 1880 2804 perpetuum
1910 2692 2082 2787 absolu}
2138 2701 2140 2706 ’

411 2813 455 2914 ti,
478 2808 693 2922 praefatas
715 2807 1006 2890 haereditates
1027 2815 1143 2890 ratas
1165 2807 1376 2892 habemus
1396 2817 1443 2897 'et
1461 2822 1676 2920 acceptas,
1710 2824 1881 2924 utpote
1911 2817 2006 2923 pias
2038 2825 2082 2904 at
2162 2919 2169 2926 p

409 2923 629 3025 honestas·
644 2933 692 3008 et
707 2928 751 3008 in
770 2924 961 3009 fauorem
994 2923 1143 3009 Sancti
1172 2925 1288 3009 Petri
1316 2927 1523 3038 Apostoli,
1554 2931 1597 3011 in
1619 2931 1750 3040 'cujus
1780 2931 1982 3015 honorem
2012 2939 2084 3021 ost
2235 2925 2239 2930 '⁸

410 3044 606 3130 Ecclesia
626 3031 804 3128 fdndata
827 3055 870 3128 et
890 3053 1153 3150 consecrata,
1196 3051 1240 3124 et
1258 3071 1336 3153 pro
1355 3043 1552 3128 remediis
1568 3047 1808 3152 *animarum
1839 3059 2077 3138 nostrarum

408 3175 633 3274 parentum
658 3163 749 3272 jam
772 3165 993 3266 dictorum,
1031 3171 1075 3245 et
1106 3163 1475 3248 inremissionem
1510 3161 1788 3272 peecatorum
1823 3177 2076 3279 nostrorum,

408 3310 578 3368 necnon
619 3309 694 3391 pro
717 3282 852 3369 salute
874 3283 1020 3364 matris
1041 3289 1213 3364 nostrae
1238 3279 1514 3387 Grzimaslae,
1550 3310 1736 3367 necnon
1758 3287 2075 3376 amantissimae

411 3403 565 3486 sororis
587 3407 756 3512 nostrae
781 3399 1005 3483 Salomeaa
1025 3399 1295 3483 venerandae
1311 3425 1500 3508 sponsae
1534 3399 1702 3506 Christi,
1734 3403 1943 3516 simulque
1974 3435 2076 3493 eon·
2153 3404 2159 3416 ’

398 3519 517 3631 jugis
538 3525 707 3603 nostrae
728 3515 1011 3627 Gunegundis
1043 3517 1272 3600 Illustrium
1309 3517 1585 3624 dominarum,
1610 3521 1870 3633 easdemque
1900 3521 2073 3612 liberta-

265 3669 269 3676 ·
328 3692 332 3701 -
402 3636 517 3720 tibus
538 3635 780 3745 plenissime
803 3634 1103 3726 emhmemus
1119 3637 1217 3745 jure
1233 3645 1445 3746 perpetuo
1465 3639 1657 3749 praefato
1679 3638 1934 3724 Monasterio
1965 3644 2073 3728 vali-

400 3762 530 3838 turas.
578 3754 759 3867 Ethuia
778 3779 902 3837 nemo
936 3754 1076 3839 debet.
1108 3755 1316 3866 benificijs
1356 3757 1504 3864 decipi,
1542 3757 1618 3838 sed
1644 3756 1798 3862 juuari,
1835 3756 2070 3846 addicimus
2111 3813 2116 3822 -

402 3870 707 3958 accedentibus
730 3900 782 3978 ex
802 3873 1167 3982 superabundanti
1189 3897 1400 3962 consensu
1421 3865 1636 3959 Beronum
1655 3883 1894 3956 nostrorum
1916 3868 2073 3962 Adami

401 3988 646 4092 Oasteuani,
666 3989 831 4072 Nicolai
851 3992 1034 4076 Palatini
1055 3988 1235 4075 Oraeov.
1260 3989 1537 4073 .Oastellanus
1574 3997 1617 4072 et
1636 3989 1854 4072 Palatinus
1891 3991 2005 4106 idem
2029 4009 2071 4078 et
2167 4039 2170 4045 ¹
2195 4079 2211 4096 ,-

346 4098 362 4190 ’.
404 4115 549 4196 eorum
569 4130 850 4214 successores,
874 4109 1184 4224 etquicunque
1206 4107 1274 4218 alij
1297 4106 1494 4216 beneficij
1516 4113 1801 4216 praescriptas
1824 4110 2068 4197 exactiones

403 4235 449 4308 et
468 4227 796 4338 praeangariam
831 4224 1109 4313 memoratam
1138 4253 1197 4336 ,ac
1232 4249 1441 4336 expensas
1480 4235 1522 4308 et
1546 4225 1647 4334 jura
1673 4223 1790 4339 quod
1822 4225 1929 4338 (sic)
1958 4227 2072 4314 birca

400 4333 643 4452 hujusmodi
663 4345 754 4456 peti
775 4347 913 4432 solent
932 4343 1003 4429 vel
1023 4338 1132 4447 fieri,
1148 4341 1387 4428 nuliatenus
1409 4343 1453 4423 in
1474 4345 1773 4454 suprascriptis
1802 4341 1907 4426 villis
1940 4356 1987 4429 et
2004 4349 2068 4431 in-

401 4461 739 4548 habitationibus
762 4489 917 4567 corum,
938 4473 988 4546 ut
1008 4463 1299 4572 supradictum
1318 4471 1392 4565 est,
1413 4464 1586 4547 valeant
1618 4467 1870 4574 extorquere
1900 4457 2073 4551 nomine
2226 4515 2234 4526 ·

398 4589 543 4662 nostro
565 4581 633 4663 vel
652 4583 820 4667 nomine
845 4581 1085 4665 eorundem.
1137 4581 1252 4665 Sanc
1273 4584 1308 4663 si
1330 4573 1460 4690 super
1488 4581 1568 4692 hijs
1591 4577 1884 4667 exactionibus
1906 4591 1950 4663 et
1963 4584 2069 4692 juri-

278 4729 281 4736 ·
396 4695 481 4782 bus
519 4711 829 4788 commorantes
852 4685 950 4814 (sic)
972 4701 1165 4784 homines
1185 4699 1229 4780 in
1249 4699 1355 4784 villis
1393 4701 1648 4812 saepedictis
1686 4729 1709 4783 a
1734 4697 1976 4787 Castellano
1998 4701 2066 4786 vel
2134 4807 2136 4810 Ι

377 4813 593 4902 ePalatino
615 4821 682 4902 vel
702 4821 806 4904 aliis.
838 4817 1068 4906 Judicibus
1090 4815 1431 4931 quibuscunque,
1452 4830 1622 4928 praeter
1645 4817 1854 4907 Tribunal
1873 4827 2064 4906 nostrum
