4930 5922
299 4050 303 4060 “
371 4071 384 4132 ,’
414 4055 612 4125 cracovien-
629 4067 663 4124 et
678 4055 751 4143 alijs
767 4057 876 4128 multis
902 4060 981 4125 testi

1100 693 1376 769 -uo-

404 929 536 1016 quam
556 900 728 1001 futuris,
750 895 867 1008 qued
884 881 1219 980 nos'Oiuitatem
1240 903 1429 978 nostram
1446 890 1623 976 Soradacr
1639 888 1696 1006 (¹)
1711 889 1769 976 ad
1787 892 1903 975 illum
1922 893 2076 996 locum,

405 1023 555 1134 inquo
576 1045 688 1101 nunc
711 1013 818 1098 Villa
833 1011 1162 1123 Kumaayczsita
1177 1023 1254 1132 est,
1271 1011 1435 1096 dilectis
1455 1005 1654 1096 fidelibus
1668 1011 1826 1094 'noetis
1847 1009 2076 1096 Bertbaldo
2162 1078 2167 1086 .

407 1139 631 1223 Advocato
654 1145 697 1218 et
717 1125 904 1218 Arnoldo
922 1146 1019 1214 'cum
1036 1130 1340 1215 suisfratribue
1356 1129 1453 1238 filijs
1475 1128 1695 1239 Tyrmanij
1719 1129 1910 1238 ejusdem
1931 1129 2078 1214 Advo—
2169 1211 2172 1216 .

371 1295 375 1302 ·
408 1256 526 1339 cacie
548 1251 819 1340 consortibus
840 1251 1113 1335 concedimus
1134 1251 1387 1353 locandam,
1415 1246 1704 1330 Annectentes
1727 1249 1939 1356 adipeam
1962 1248 2079 1334 Oini-

406 1383 540 1456 tatem
563 1371 739 1454 Soodecz
760 1370 1035 1478 septuaginta
1057 1369 1162 1452 duos
1184 1394 1374 1469 mansos,
1396 1392 1505 1476 quos
1527 1393 1553 1446 a
1575 1366 1767 1476 quolibet
1786 1365 2079 1452 hominesne*

408 1491 603 1574 dabimus
626 1499 670 1572 et
688 1489 842 1574 liberos
878 1487 1048 1595 penitus
1083 1483 1308 1588 faciemus3
1346 1483 1476 1566 debet
1512 1495 1655 1566 autem
1690 1511 1862 1566 mansus
1899 1482 2079 1592 quilibet

410 1610 559 1692 decem
596 1618 737 1690 scotos
775 1605 942 1716 argenti
981 1605 1139 1685 usualis
1161 1601 1334 1690 infesto
1366 1603 1502 1684 sancti
1533 1601 1702 1684 Martini
1723 1627 1876 1684 census
1896 1601 2075 1702 nomine,

409 1729 570 1811 solvere
594 1725 832 1826 annuatim;
856 1725 909 1805 de
931 1721 1087 1832 quibus
1109 1723 1384 1834 septuaginta
1405 1718 1576 1802 duobus
1593 1719 1772 1823 Mensis,
1789 1747 1863 1802 sex
1885 1719 1941 1801 ad
1961 1745 2077 1802 com·
2152 1767 2154 1772 π
2256 1807 2263 1820 ,

408 1873 579 1927 munem
602 1845 787 1924 omnium
810 1840 976 1926 Oivium
998 1839 1331 1946 utilitatemrpro
1343 1839 1513 1944 pascuis
1537 1846 1582 1918 et
1602 1837 1693 1946 alijs
1714 1837 1862 1941 usibus
1895 1837 2078 1946 pertine-

408 1961 527 2046 bunt:
551 1969 732 2071 quatuor
769 1959 937 2040 omnino
967 1957 1106 2072 liberi,
1130 1968 1173 2042 et
1194 1957 1246 2037 de
1269 1955 1437 2037 duobus
1459 1954 1619 2084 Mensis
1641 1963 1734 2090 tota
1748 1957 2010 2087 'comunitam
2031 1964 2080 2036 ut
2179 2027 2184 2038 .

408 2231 479 2287 rum
494 2195 616 2274 ibidem
629 2207 727 2279 iustis
744 2215 777 2272 et
792 2203 1050 2276 racionabilibus
1076 2203 1232 2292 precibus
1253 2204 1395 2272 aclinati.
1416 2213 1449 2268 et
1463 2213 1500 2272 ut
1514 2204 1607 2290 ipsos
1623 2201 1664 2270 ad
1686 2202 1847 2290 ampliora
1874 2214 1991 2270 nostra
2005 2226 2077 2275 ser,-

408 2288 495 2358 tricia
510 2312 512 2314 ·
534 2313 742 2372 revocemus,
758 2289 942 2378 predictam
958 2289 1172 2375 advocaciam
1186 2311 1259 2354 cum
1273 2285 1437 2354 universis
1454 2291 1522 2364 suis
1539 2285 1676 2354 duribus
1693 2293 1727 2352 et
1738 2283 1965 2372 pertinenciis,
2002 2298 2078 2352 rout

387 2419 391 2426 -
409 2380 443 2442 in
459 2315 576 2443 coliem
591 2375 769 2461 privilegio
786 2374 848 2441 sub
864 2373 1003 2459 singulis
1018 2373 1088 2442 suis
1104 2372 1260 2438 clausulis
1275 2373 1475 2454 continetur,
1489 2374 1575 2458 ipsis
1590 2367 1729 2438 Nieolao
1744 2371 1908 2448 uidelicet¹
1919 2382 1953 2440 at
2003 2393 2077 2436 cor·

409 2461 466 2548 gio
484 2459 802 2542 successoribusque
823 2458 1013 2539 eorundem,
1030 2458 1271 2526 communicato
1298 2466 1490 2524 nostrorum
1508 2459 1674 2522 Beronum
1692 2456 1843 2538 consilio,
1858 2457 1929 2521 iure
1942 2455 2077 2521 heredi·
2115 2533 2118 2540 ,

409 2545 494 2610 tario
525 2551 687 2630 perpetuo
717 2541 954 2628 possidendam
982 2551 1100 2608 tenore
1129 2542 1338 2628 presencium
1365 2537 1551 2608 censuimus
1567 2539 1833 2606 confirmandam.
1870 2540 1908 2606 In
1924 2541 2078 2606 cuiusrei
2152 2550 2156 2559 ‘
2217 2591 2222 2598 .

321 2663 325 2668 ·
410 2638 603 2714 perpetuam
619 2627 807 2690 memoriam
825 2625 973 2712 Sigillum
989 2636 1137 2691 nostrum
1154 2621 1291 2712 Regium
1305 2623 1456 2690 duximus
1467 2625 1679 2708 presentibus
1692 2624 1933 2709 apponendum.
1955 2626 2078 2690 Datum

413 2713 555 2780 Grocovic
569 2713 667 2778 Anno
685 2710 809 2778 domini
824 2708 964 2778 M.C.c.
975 2709 1010 2776 C.
1028 2710 1209 2776 tricezimo.
1248 2710 1464 2775 Presentibus
1489 2707 1656 2774 nobilibus
1684 2709 1820 2774 nostris:
1843 2707 1994 2796 Navogio
2011 2709 2076 2777 Oa-

329 2829 330 2834 *
411 2795 563 2878 stellano,
590 2794 770 2880 Spicimiro
795 2793 951 2880 palatino,
977 2793 1034 2860 sb·
1062 2815 1125 2859 neo
1153 2793 1359 2862 cancellario
1373 2793 1600 2864 Cracoriensi,
1615 2791 1770 2859 iohanne
1786 2791 1977 2860 Castellano
1994 2794 2077 2860 San-

412 2879 560 2962 decensi,
573 2879 739 2966 A(nd)rca
753 2879 807 2944 Da
831 2881 927 2960 isere,
942 2879 1036 2966 Rege
1076 2901 1096 2944 a
1129 2878 1268 2960 ladifero
1282 2877 1510 2958 cracoviensi,
1522 2879 1713 2963 Hermanno
1726 2879 1952 2942 Procuratorc
1961 2888 2077 2944 nostro

411 2964 570 3050 generali,
586 2975 619 3028 et
631 2963 703 3028 aliis
718 2901 867 3048 pluribus
885 2961 1071 3049 fidedignis-
1145 2972 1232 3026 atum
1247 2985 1308 3047 per
1323 2984 1438 3029 manus
1465 2961 1589 3026 domiui
1612 2961 1703 3027 Petri
1718 2959 1887 3046 Prepositi
1903 2961 2077 3027 Sandomi-

411 3048 531 3120 riensie
551 3057 584 3113 et
598 3047 862 3148 vicecancellarij
879 3047 979 3116 Curia
997 3056 1120 3112 nostre.
1493 3119 1496 3124 ,

519 3134 610 3198 1344.
632 3131 702 3198 Nos
716 3132 828 3214 itaque
843 3131 948 3217 ipsius
963 3128 1092 3206 Nicolai
1113 3129 1351 3196 iustis....nibus
1382 3130 1575 3196 satisfacere
1604 3129 1766 3212 volentes,
1796 3129 1914 3194 intuitu
1946 3151 2078 3196 suorum

412 3215 639 3298 serviciorum,
656 3237 719 3300 que
736 3217 879 3302 genitori
895 3226 1014 3281 nostro
1029 3214 1201 3304 impendit,
1220 3225 1253 3280 et
1267 3215 1365 3281 nobis
1381 3237 1418 3280 se
1435 3215 1534 3280 offert
1553 3214 1787 3298 impensurum,
1806 3210 1872 3279 sibi
1885 3212 2023 3280 Nicolao
2039 3235 2078 3280 ac

412 3300 498 3364 natis
540 3301 660 3365 radiati
675 3301 817 3388 Georgij
833 3301 891 3366 eti
920 3321 1031 3366 sorum
1061 3299 1232 3388 legittimis
1262 3299 1525 3382 successoribus,
1555 3297 1739 3382 predictum
1766 3297 1976 3386 privilegium
2005 3321 2079 3364 cum

413 3324 553 3476 singuiis
570 3383 726 3452 clausulis
741 3393 775 3449 et
790 3323 937 3450 articulis
951 3386 985 3450 in
999 3386 1075 3470 ipso
1106 3383 1287 3484 Privilegio
1318 3385 1495 3459 contentis,
1525 3392 1626 3467 prout
1654 3385 1854 3470 patrocinio,
1877 3384 1936 3450 sub
1953 3405 2079 3470 appen-

413 3465 507 3534 sione
534 3480 722 3534 nostrorum
735 3469 894 3556 regalium
911 3469 1101 3558 Sigillorum
1116 3468 1298 3540 liberaliter
1312 3469 1559 3548 confir-mamam
1575 3466 1640 3533 hoc
1654 3467 1796 3552 adiecto,
1812 3469 1903 3552 quod
1919 3470 2007 3535 idem
2021 3467 2084 3547 liis

412 3551 526 3618 colans
549 3562 583 3618 et
605 3555 674 3618 nati
696 3552 931 3642 dictiGeorgij
956 3553 1152 3636 coheredes
1183 3552 1362 3618 eorundem
1389 3575 1462 3618 cum
1491 3551 1621 3618 duobus
1650 3553 1827 3639 Rynnerijs
1856 3552 2009 3620 eublattis
2038 3552 2081 3618 ad

412 3635 591 3718 quamlibet
621 3638 873 3722 expedicionem
904 3661 1108 3704 communem
1132 3659 1203 3702 curn
1217 3639 1407 3722 terrigenis,
1437 3635 1535 3702 nobis
1551 3647 1585 3702 et
1600 3639 1725 3702 nostris
1746 3637 1925 3702 heredibus
1954 3637 2078 3705 servire
2188 3654 2210 3736 Ἰ

410 3721 619 3786 tenebuntur.
657 3723 779 3788 Datum
795 3727 946 3790 ttaeocie.
985 3727 1086 3790 Anno
1101 3722 1237 3788 Domini
1252 3721 1441 3790 moult
1458 3721 1532 3786 XL.
1549 3731 1666 3806 quarto
1698 3721 1992 3787 Presentibusbi's
2011 3722 2077 3786 Ta·

413 3803 529 3870 stibus:
547 3805 709 3890 Spitlrone
726 3805 927 3880 Castelleno,
943 3807 1090 3896 Sbigneo
1118 3805 1325 3874 Cancellario
1345 3806 1572 3874 cracoviensi.
1588 3807 1690 3871 Petro
1707 3805 1796 3870 dicto
1813 3804 1933 3871 Nossa}
1948 3745 2077 3872 (lastel-

410 3889 487 3954 lano
505 3887 773 3974 Sandomiriense
789 3891 879 3971 (sic),
896 3888 1030 3955 domino
1045 3891 1236 3956 Hermanno
1253 3889 1460 3956 Cancellario
1477 3887 1696 3975 Cuyaviense,
1724 3898 1840 3954 nostro
1856 3890 2077 3957 Procuratore
2146 3894 2149 3902 ’

413 3972 650 4040 Cracoviense.
672 3973 810 4039 Nicolao
827 3973 919 4039 dicto
938 3975 980 4038 W
1005 3977 1121 4060 mingo
1139 3973 1289 4060 dapifero
1307 3973 1585 4056 Sandomirienee,
1602 3973 1770 4042 Clemente
1786 3973 1948 4060 gladifero
1960 3987 2077 4042 nostro

982 3999 1044 4126 bus
1058 4058 1244 4156 fidedignis.
1282 4061 1404 4126 Datum
1421 4081 1482 4144 per
1496 4081 1611 4124 manus
1627 4057 1848 4144 dominipetri
1860 4057 2078 4126 Vicecancel-

411 4141 485 4210 larii
500 4139 596 4207 Curia
612 4150 738 4224 nostre,
755 4151 789 4206 et
803 4145 967 4228 prepositi
983 4145 1089 4209 sancti
1104 4139 1236 4209 floriani
1330 4181 1335 4198 ·
1715 4175 1717 4180 .
2064 4173 2067 4178 ·

517 4229 561 4309 (¹)
584 4223 729 4298 Soudecz.
759 4227 940 4308 Sqdeezvel
955 4227 1143 4310 Sarabodie
1160 4228 1298 4294 Polonis
1327 4236 1479 4310 vocatur,
1508 4227 1609 4293 latine
1638 4249 1719 4292 vero
1751 4229 1915 4310 Saadeeia,
1932 4227 2011 4294 urba
2027 4241 2079 4296 est
2109 4279 2113 4286 -

413 4314 512 4379 hodie
527 4313 562 4378 in
579 4311 627 4378 Ite
653 4335 697 4378 no
713 4311 886 4379 Galliciae.
916 4311 1072 4380 Saadecia
1100 4337 1179 4379 nova
1195 4323 1247 4379 est
1259 4322 1293 4378 et
1310 4316 1449 4398 antiquo,
1469 4323 1504 4380 et
1522 4313 1653 4399 quidem
1667 4311 1721 4378 hic
1738 4311 1779 4378 de
1802 4313 1895 4378 Nova
1925 4311 2079 4380 Scadrrio

412 4399 531 4485 egitur,
553 4335 678 4484 oppido
696 4395 824 4463 scilicet
839 4397 1022 4497 parochiali
1037 4395 1258 4463 Sandecensis
1274 4397 1452 4476 territorii,
1470 4403 1563 4484 cujus
1580 4398 1711 4462 etiarnc
1757 4406 1792 4462 ut
1808 4407 1871 4462 est.
1894 4400 2080 4472 Kamieniea

286 4529 295 4538 -
404 4490 486 4547 'erat
500 4483 575 4550 villa
589 4481 726 4569 capituli
740 4483 968 4548 cracovrensis
985 4484 1133 4570 propria,
1154 4481 1363 4549 venceslaus
1380 4483 1524 4568 capitulo
1541 4482 1725 4566 deditoppi
1750 4504 1804 4546 um
1819 4483 1913 4548 Biora
1927 4481 2079 4546 etvillam

413 4567 498 4631 hanc
513 4589 576 4652 per
590 4568 878 4634 commutationem
907 4569 1037 4654 occepit
1090 4568 1143 4633 De
1165 4565 1358 4632 fundatione
1374 4569 1486 4634 Novae.
1503 4565 1684 4634 Sandeciae
1700 4567 1788 4632 conf.
1816 4567 1912 4631 ctiam
1926 4567 1961 4631 in
1977 4587 2078 4652 opere
2129 4588 2143 4632 ·.

415 4651 556 4734 „Staret
580 4660 639 4715 tna
652 4653 794 4719 Polslra”
815 4653 855 4718 T.
865 4653 890 4735 I,
906 4655 1065 4742 pugili.
1105 4653 1229 4726 Postea
1244 4649 1401 4737 oppidum
1416 4653 1480 4717 boc
1499 4662 1649 4717 nostrum
1665 4651 1762 4717 sedes
1778 4661 1849 4718 erat
1865 4665 1899 4716 et
1914 4650 2079 4735 capitanei

413 4747 447 4802 et
466 4743 557 4801 caste
626 4738 646 4816 i,
667 4741 828 4806 minorum
845 4737 1097 4804 castellanorum
1114 4736 1267 4801 senioris.
1303 4735 1439 4803 uivulus
1470 4738 1653 4802 Kamimiru
1668 4733 1732 4802 buc
1761 4737 1847 4800 infra
1867 4743 2078 4818 memoratae,

414 4825 509 4910 cujus
519 4818 612 4908 ,ostia
626 4819 660 4888 in
675 4821 816 4912 Daaojcc
829 4845 935 4908 prope
951 4824 1056 4908 ipsam
1076 4822 1283 4890 Sandeciam.
