4822 5924
456 887 775 1020 Grecos-ienaca'
798 891 885 980 iiua'
907 895 1167 1008 pre'psrtej
1197 907 1354 1010 super:
1373 899 1815 992 cmuesersieetlite
1836 903 2110 1005 tosciacum

451 1019 742 1133 predictarum·
769 1013 928 1102 dealto'
948 1017 1141 1100 etbaasb
1177 1018 1463 1103 euarestus
1489 1017 1772 1114 elwsulis'iu
1792 1032 2109 1144 'compromisso

280 1177 284 1194 .
359 1231 367 1242 ι
453 1162 583 1249 super
600 1136 894 1221 hocconlscto
914 1133 1789 1256 plurius-'amicabilitercompromiserunt,
1843 1147 2109 1242 faffiittonit's

452 1256 748 1344 inviolabililer
769 1257 992 1343 observare
1016 1269 1058 1341 ct
1077 1265 1240 1358 tenere,
1259 1255 1466 1366 quidquid
1487 1285 1562 1366 per
1583 1256 1752 1342 eosdem
1775 1289 1826 1343 ve
1863 1279 2027 1371 partem
2048 1270 2109 1354 al-

452 1391 586 1462 teram
609 1377 856 1480 eorundem,
894 1376 962 1460 cui
993 1373 1256 1461 Venerabilis
1277 1377 1339 1458 vir
1362 1375 1553 1460 dominus
1576 1375 1777 1462 Sueslaus
1801 1378 2043 1469 Canonicus
2067 1399 2109 1474 et

453 1494 655 1584 Officialis
693 1495 985 1581 Oraccuiensia
1008 1495 1247 1597 adhereret,
1270 1489 1505 1590 ordinatum
1538 1507 1651 1578 esset
1672 1507 1714 1578 et
1733 1497 1965 1586 laudatum.
2015 1505 2104 1594 Nos

449 1635 549 1706 vero
570 1617 751 1727 predicti
771 1615 1041 1700 arbitratores
1064 1624 1107 1696 et
1127 1613 1447 1722 compositores,
1468 1613 1666 1698 videlicet
1686 1615 1904 1703 Jchannes
1922 1619 2104 1712 Grotko·

448 1737 738 1842 nis,.Mathias
760 1735 812 1816 ds
837 1733 1204 1830 {solesmenses
1227 1733 1278 1814 de
1301 1729 1455 1814 Basszlc
1474 1744 1517 1816 et
1532 1733 1759 1828 Nicolaus.
1774 1737 1910 1822 dictus
1943 1739 2101 1847 Skallca,

448 1859 549 1944 visis
571 1854 763 1941 omnibus
785 1883 868 1968 que
888 1855 1076 1964 predicte
1097 1863 1237 1961 partes
1259 1878 1334 1959 pro
1355 1850 1655 1936 informacicne
1682 1853 1797 1938 luris
1820 1885 1962 1942 coram
1983 1863 2102 1948 nobis

448 1975 748 2090 producerent,
771 1973 824 2055 dc
846 1969 1017 2058 consilio
1050 1972 1284 2082 sapientum
1317 1973 1596 2079 comperimus
1619 1983 1665 2054 et
1682 1976 1919 2060 invenimus
1939 1985 2026 2064 tam
2047 1983 2104 2066 dd

448 2099 553 2184 Jure
577 2124 704 2205 quam
722 2093 773 2173 de
789 2091 916 2175 literis
928 2090 1039 2176 ‘vera
1054 2090 1175 2177 Bulla
1193 2089 1315 2175 Sedis
1333 2089 1562 2198 apostolice
1584 2089 1904 2205 munitis,·qn'0d
1923 2096 2101 2207 predicti

445 2216 594 2302 Abbas
616 2222 659 2296 et
681 2211 924 2297 Conventus
944 2211 1187 2320 Monaeterij
1212 2209 1265 2292 de
1288 2205 1453 2316 Cyrzr'cz,
1476 2211 1530 2292 de
1551 2212 1670 2294 terris
1706 2212 1890 2320 ipsorum
1916 2219 2036 2302 cultis
2059 2231 2102 2304 at

444 2321 528 2422 non
549 2333 671 2415 cultis
693 2356 768 2441 per
787 2330 992 2442 ipsos·vel
1010 2337 1193 2441 ipsorum
1214 2329 1411 2429 heredes,
1448 2331 1654 2414 decimam
1674 2331 1732 2414 ad
1753 2333 1929 2418 cundem
1952 2335 2100 2422 abba-

443 2465 531 2538 tem
549 2465 592 2536 et
608 2451 871 2536 Conventum
889 2449 1130 2561 Monasterij
1152 2449 1330 2560 predicti
1352 2446 1506 2535 debere
1525 2450 1785 2558 pertinere...
1807 2453 1943 2540 solum
1958 2455 2099 2554 Deum

443 2601 520 2686 pre
543 2572 674 2657 oculis
695 2565 916 2672 habentes,
940 2579 982 2650 et
1001 2573 1100 2652 eius·
1113 2569 1279 2655 nomine
1301 2567 1518 2671 invocato,
1537 2569 1582 2652 in
1602 2570 1822 2678 ipsamque
1844 2577 2099 2670 sentenciam

441 2693 555 2778 bona
579 2685 885 2773 deliberacione
905 2688 1148 2798 prehabita,
1169 2688 1280 2772 nullo
1302 2687 1598 2796 discrepante,
1620 2689 1937 2799 convenientes,
1956 2697 1998 2794 in
2019 2697 2105 2807 ‚hijs

437 2813 609 2921 scriptis
631 2809 889 2911 Laudamus,
910 2809 1191 2910 Arbitramur,
1209 2806 1439 2892 Sumamus·
1459 2817 1501 2889 et
1521 2806 1983 2912 diffinimus,Decimas
2003 2844 2098 2924 pre.

446 2933 579 3014 dictas
602 2929 780 3012 devillis
802 2927 1019 3012 videlicet
1051 2925 1275 3040 Glopocrow
1298 2935 1343 3010 et
1370 2919 1551 3024 Wlosoo‚
1574 2926 1631 3010 ad
1651 2929 2095 3036 predictosAbbatem
2144 2945 2146 2952 ⁴

442 3060 487 3133 ct
508 3050 775 3134 Conventum
798 3057 841 3130 at
861 3073 1005 3130 aarum
1018 3046 1319 3149 Monasterium
1339 3045 1591 3154 pertinuisse
1609 3056 1651 3128 et
1663 3049 1877 3157 perpetuis
1898 3056 2096 3164 tempori.

442 3169 523 3253 bus
543 3168 597 3252 de
618 3165 723 3250 dure
754 3163 983 3277 pertinere,
1018 3166 1215 3250 Predicto
1253 3161 1448 3274 Spitkoni
1470 3165 1632 3251 decano
1654 3193 1780 3274 super
1817 3167 1974 3260 dicimis
1997 3171 2093 3283 (sic)

326 3367 330 3376 .
444 3289 599 3371 eisdem
637 3293 888 3395 perpetuum
924 3283 1140 3369 silencium
1174 3287 1452 3393 imponentes.
1502 3283 1553 3368 In
1594 3283 1713 3368 cuius
1731 3287 1792 3370 rei
1812 3291 2094 3379 testimonium

439 3435 613 3520 presens
634 3415 824 3488 noenum
845 3401 1061 3486 arbitrium
1083 3434 1157 3516 per
1177 3404 1349 3488 Petrum
1370 3403 1433 3491 ¹de
1454 3401 1687 3486 Zooicloallr
1721 3403 1935 3514 publicum
1957 3418 1999 3492 et
2018 3435 2096 3497 no·

435 3524 591 3610 tarium
634 3551 764 3607 cause
803 3523 926 3607 huius
957 3523 1089 3628 modi,
1125 3527 1472 3634 compromissum
1500 3519 1811 3633 infrascriptum
1843 3526 1968 3611 scribi
1989 3540 2033 3612 et
2051 3531 2094 3616 in

437 3644 614 3732 formam
635 3643 849 3754 publicam
869 3641 1005 3755 redigi
1026 3641 1221 3749 fecimus,
1258 3672 1354 3728 cum
1375 3653 1611 3732 nostrorum
1627 3645 1890 3752 appensione
1923 3645 2092 3760 ,Sigillo-

437 3779 543 3848 rum.
576 3765 731 3847 Actum
752 3771 796 3844 et
811 3763 969 3866 datum,
990 3759 1114 3849 Anno
1137 3765 1293 3848 domini
1313 3762 1547 3869 Millesim0,
1568 3764 1880 3868 bsoentesimo,
1906 3787 2102 3879 senago-¹

438 3886 543 3967 simo
566 3893 730 3966 octavo.
784 3881 1027 3967 Iudiccioue
1048 3895 1169 3967 sexta
1189 3883 1348 3966 mensis.
1365 3881 1469 3992 Μαί]
1487 3881 1552 3967 die
1573 3881 1792 3983 vicesima,
1813 3881 1917 3982 hora
1938 3889 2088 3988 tercias

435 4018 564 4088 rums
597 3999 780 4082 &acceia
800 3999 843 4079 in
866 3999 967 4084 Sala
987 3999 1270 4086 habitacionis
1288 4000 1560 4088 Honorabilis
1581 3999 1658 4087 viri
1678 3993 1883 4085 lobannis
1906 3999 2089 4089 Grctko-

437 4123 502 4205 nie
526 4121 706 4204 doctoris
728 4118 990 4202 decretorum
1021 4122 1261 4228 supradicti.
1313 4119 1584 4215 Prnesentibus
1606 4116 1918 4209 honorabilibus
1943 4133 1989 4222 et
2004 4124 2089 4209 dis.

341 4295 345 4299 -
438 4241 696 4326 cretisviria:
716 4235 895 4320 Domino
913 4237 1133 4322 Sanczneo
1148 4239 1352 4347 Navocay
1370 4237 1586 4330 Oenotriae
1604 4236 1893 4344 cracoviensi,
1910 4242 2086 4343 Nicolao

435 4371 596 4445 rectore
618 4355 807 4444 Ecclesia
826 4355 879 4438 de
900 4353 1369 4468 Dirier'j'owfflencealao
1390 4360 1572 4446 viceario
1589 4355 1779 4460 Ecclesip
1796 4346 2085 4457 cracoviensi

436 4480 725 4579 Kathedralis,
746 4473 1020 4562 Franczkoue
1043 4474 1094 4562 de
1116 4475 1311 4560 Baloarin‘
1329 4474 1610 4590 (Bakcvinil),
1643 4475 1852 4562 Stanislao
1884 4477 1996 4564 dicto
2018 4477 2086 4562 Zi-

438 4588 587 4682 dowsla'
604 4610 648 4682 et
665 4595 844 4682 Nicolao
861 4592 1043 4708 ¹Fabiani
1062 4597 1120 4678 de
1142 4595 1404 4682 Sundomir‘ic
1427 4596 1599 4707 Clerico
1627 4595 1914 4682 familiaribus·
1932 4597 2085 4684 domini

436 4711 467 4800 J
470 4713 645 4800 ohannis
668 4706 894 4804 (irolkoni's
916 4702 1145 4827 supradicti
1168 4725 1211 4800 et
1230 4713 1331 4825 alijs‘
1342 4715 1534 4829 pluribus
1554 4712 1638 4801 fide
1661 4703 1800 4828 dig'uis
1818 4716 1999 4801 testibus
2029 4715 2084 4799 'ad

437 4835 641 4950 premissa
659 4839 821 4921 vocatis
852 4835 1086 4948 specialiter
1109 4845 1151 4919 et
1170 4835 1342 4948 rogatis.
1395 4902 1444 4921 ,.
1514 4903 1518 4914 .
1594 4874 1610 4907 ·.
1708 4873 1758 4931 .,,·
1911 4907 1915 4918 .
