4822 5924
1019 673 1297 754 ..ιιι-

325 877 430 962 lure
453 883 595 960 nostro
617 873 816 960 Polonieo
836 873 881 956 in
902 871 982 958 Jus
1006 873 1341 979 Theutunioum,
1379 876 1496 983 quod
1515 877 1858 990 Maydburgense
1882 832 2002 964 dioi-¹

326 1007 414 1103 tur,
456 994 690 1080 seeundum
733 1020 878 1077 omnes
920 994 1088 1098 modos,
1118 994 1235 1104 jura,
1267 997 1591 1079 consuetudines
1614 1007 1657 1080 et
1678 997 1985 1085 observanoias

207 1122 209 1126 ’
328 1145 426 1200 oum
462 1116 549 1198 suis
587 1113 862 1218 adiacenciis,
899 1140 926 1195 a
945 1121 1086 1210 vestra
1123 1108 1422 1200 Jurisetotione
1461 1125 1502 1198 et
1537 1126 1771 1224 potestate,
1794 1118 1847 1200 de
1869 1129 1987 1202 certa

320 1235 514 1318 ¹soieneia
535 1234 590 1314 sit
610 1231 832 1335 translata,
855 1259 906 1315 eo
928 1233 1093 1316 adiecto
1114 1233 1260 1336 modo,
1292 1234 1408 1344 quod
1446 1262 1588 1319 eoram
1608 1235 1729 1320 nobis
1752 1247 1825 1318 aut
1846 1237 1985 1344 aliquo

328 1364 533 1454 vestrum,
555 1378 630 1462 pro
653 1353 792 1436 ιιιιιι
815 1353 982 1460 magnis
1002 1373 1080 1437 seu
1099 1353 1265 1460 parvis,
1280 1371 1398 1461 puta:
1431 1353 1548 1456 finti,
1566 1353 1793 1467 homitidij,
1815 1359 1987 1464 sangui-

328 1473 405 1576 nis,
426 1471 628 1578 incendij,
648 1470 931 1552 membrorum
952 1471 1249 1575 mutilaoionis,
1273 1472 1424 1553 citatus
1446 1474 1613 1556 minime
1637 1472 1793 1556 debeat
1811 1500 1987 1587 respon-

330 1593 449 1698 (ιιιις
482 1591 558 1672 sed
590 1589 817 1674 Ometones'
847 1587 1010 1698 prefate
1042 1590 1138 1672 ville
1162 1591 1312 1672 eteius
1350 1591 1686 1674 adiacenoiarum
1712 1616 1853 1676 eoram
1874 1592 1988 1703 ipso-

327 1739 444 1794 rum
452 1711 660 1812 scultetis,
692 1709 766 1816 qui
797 1717 896 1789 sunt
925 1735 1001 1816 pro
1032 1715 1239 1818 tempore,
1255 1711 1455 1818 ipsivero
1478 1710 1630 1792 soultet
1570 1713 1808 1794 tetieoram
1829 1738 1987 1794 merno-

327 1839 393 1911 ret
396 1857 419 1914 0
438 1827 677 1946 Sydelone,
700 1825 856 1938 Sydelo
877 1853 976 1909 vero
999 1853 1139 1911 eoram
1160 1827 1301 1931 nobis,
1343 1856 1418 1910 seu
1439 1840 1581 1929 nostro
1603 1828 1636 1912 J
1638 1831 1773 1914 udicio
1795 1831 1989 1914 'Phente-

326 1949 468 2051 niuali,
491 1943 852 2056 ιιιριιιιιίὖιιιιίιὶ
834 1941 971 2060 J(sio)
995 1945 1146 2029 Curiae
1169 1955 1312 2030 nostre
1248 1947 1586 2054 tqssandacen
1618 1937 1767 2030 dumt
1750 1960 1989 2058 tamenper
2028 2045 2030 2056 ,

329 2077 426 2150 nost
427 2097 517 2150 ram
536 2064 696 2148 literam
721 2092 797 2146 nos
801 2075 863 2147 tro
875 2063 1021 2174 sigillo
1045 2065 1270 2176 sigillatam
1293 2067 1346 2148 ad
1368 2067 1448 2148 hoe
1480 2069 1655 2170 citatus,
1681 2071 1786 2150 etin
1806 2069 1988 2150 redden-

330 2185 416 2268 da
406 2216 469 2268 rus
474 2187 572 2267 ticia
593 2183 818 2322 negligens
839 2180 1012 2285 fuerit,t
995 2191 1097 2266 tunc
1120 2185 1171 2266 de
1193 2214 1238 2268 se
1231 2185 1487 2294 querulant
1471 2167 1581 2268 tibus
1603 2213 1687 2268 non
1709 2185 1788 2270 alio
1810 2187 1890 2267 nisi
1912 2192 1988 2292 suo

329 2301 435 2387 lure
473 2295 807 2440 Meydbirrgensi
843 2243 1109 2387 Theulunieo
1143 2305 1410 2414 respondere
1436 2303 1492 2384 ad
1529 2303 1697 2394 obiecta
1734 2293 1907 2386 ouilibet
1890 2305 1991 2386 tsit

331 2415 548 2540 astrictum
571 2433 697 2534 prout
716 2423 777 2502 int
779 2452 822 2505 er
844 2451 890 2503 oe
894 2431 983 2502 tera
1003 2423 1046 2502 in
1068 2424 1252 2532 quodam
1273 2424 1523 2534 privilegio
1512 2425 1642 2506 inviot
1645 2425 1773 2534 issimi
1789 2424 1989 2534 principis

332 2543 572 2658 etdornini,
596 2539 980 2626 domianodovror
1003 2539 1097 2622 olun
1119 2539 1990 2680 llurrgarieetPolonreregis,1n(elende

329 2647 528 2745 memorie
553 2659 754 2770 genitoris
776 2656 907 2743 nostri
929 2661 1152 2764 carissimi,
1188 2661 1389 2774 vidimus,
1422 2641 1584 2768 plenius
1607 2663 1851 2744 continenti
1883 2645 1992 2744 Τι·

331 2807 431 2864 men
451 2807 527 2864 vos
549 2731 731 2864 Palatini
768 2775 1020 2880 Castellani,
1057 2777 1298 2862 Judroes
1256 2809 1277 2859 e
1281 2761 1580 2882 tsubiudioes,
1622 2809 1674 2862 ae
1697 2779 1764 2862 alii
1788 2779 1991 2864 officiales

329 2901 453 3008 regni
488 2907 583 2983 nos
585 2929 640 3002 n
676 2900 826 3010 spretis
861 2897 1223 3020 indulgenoiiset
1206 2897 1602 2981 toonoessionibus
1640 2901 1840 3010 genitoris
1863 2898 1994 3006 nostri

332 3019 583 3128 supradicti,
621 3019 799 3100 eundern
844 3015 1099 3126 Sydelonem
1122 3029 1165 3100 et
1186 3045 1274 3127 ejus
1307 3018 1461 3100 scultet
1402 3025 1576 3102 tettose
1597 3010 1995 3104 emetonesnonail

329 3137 426 3222 Jus
448 3138 763 3220 Theutunioum
803 3135 928 3219 Curie
964 3147 1105 3220 nostre
1144 3137 1443 3242 Sandecensis,
1475 3134 1550 3257 sed
1581 3140 1723 3246 potius
1743 3137 1786 3221 in
1806 3149 1993 3222 vestrum

330 3257 642 3341 Polonieumet
662 3255 801 3338 nobile
833 3256 1092 3454 trahertet
1031 3259 1071 3338 ni
1075 3259 1263 3338 tereminr
1253 3255 1395 3369 (sio),
1429 3285 1507 3341 oon
1511 3267 1576 3338 ra
1511 3255 1732 3340 liber
1716 3268 1824 3338 ates
1838 3259 1993 3340 eidem

333 3401 560 3458 ooneessas
599 3403 761 3482 aregra
784 3403 867 3482 ma
872 3381 981 3456 es
983 3369 1294 3486 eQuapropt
1298 3406 1341 3458 er
1377 3375 1498 3460 vobis
1536 3371 1795 3459 omnibuset
1778 3377 1991 3486 tsing'ulis

332 3495 594 3630 suprascript
596 3494 628 3573 is
653 3502 695 3572 et
714 3495 959 3602 praesertim
982 3493 1103 3576 vobis
1125 3493 1306 3602 Kryslao
1331 3493 1435 3578 Cast
1439 3495 1572 3579 ellano
1597 3491 1881 3579 Sandeczensi
1903 3523 1994 3596 mo-¹

322 3613 465 3695 demo
488 3619 530 3691 et
551 3613 666 3695 vices
698 3640 772 3694 ves
775 3620 861 3692 tras
894 3621 1046 3721 gerent
1029 3609 1218 3693 tibust
1177 3623 1218 3693 et
1248 3610 1564 3698 suecessoribus
1594 3613 1912 3730 precipimuset
1894 3611 1994 3694 tdi

332 3733 463 3814 stinot
464 3759 486 3812 e
508 3731 779 3832 mandamus,
803 3741 1013 3838 quatenus
1035 3731 1171 3837 ipsum
1196 3729 1450 3838 Sydelonem
1488 3760 1513 3812 a
1533 3732 1683 3812 vestris
1721 3725 1992 3814 citationibus

332 3861 375 3932 et
395 3849 576 3934 tudiciis
606 3850 800 3932 relaxant
784 3858 865 3950 ιιι,
888 3849 943 3930 ad
964 3847 1044 3930 lus
1069 3845 1212 3932 Theut
1213 3849 1376 3930 unicale
1409 3849 1543 3960 quod
1557 3831 1898 3962 Meydburgense
1931 3849 1993 3932 di-

255 4053 260 4062 ,
331 3970 450 4071 citur,
468 3968 582 4050 etad
599 3967 767 4052 Curiam
788 3978 973 4052 nostram
998 3967 1390 4070 Sendeeensem,1n
1409 3969 1704 4075 questionibus
1722 3979 1873 4053 eontra
1896 3999 1992 4052 eum

331 4099 420 4172 mot
421 4087 455 4169 is
405 4087 545 4170 vel
564 4087 850 4191 movendis,
832 4096 955 4196 Juxta
992 4113 1161 4171 suorum
1200 4087 1512 4204 privilegiorum
1548 4098 1756 4182 tenorem,
1800 4089 1990 4173 debeatis

331 4211 559 4302 remittere,
591 4207 679 4290 sine
712 4205 938 4288 difficultat
921 4205 1183 4313 tealiquali;
1227 4197 1430 4292 Praesent
1414 4217 1476 4290 ets
1509 4216 1584 4292 aut
1587 4237 1651 4290 em
1673 4217 1772 4315 post
1756 4207 1872 4290 ttleo
1857 4205 1992 4290 turam

278 4357 280 4362 ·
331 4327 450 4406 reddi
465 4324 664 4434 jubemus
685 4326 957 4434 presentant
1010 4325 1168 4407 Datum
1193 4323 1408 4408 tiamne
1398 4357 1491 4438 ipsa
1514 4327 1580 4408 dre
1599 4327 1713 4410 Fes
1736 4325 1991 4455 beatiLuoo

334 4443 615 4558 ewangeliste.
658 4441 780 4528 Anno
802 4443 971 4546 Domini
991 4441 1212 4530 Millesimo
1234 4448 1529 4530 trecentesimo
1553 4472 1602 4528 oo
1606 4445 1841 4593 tuagesimo
1864 4446 1991 4558 quar*

331 4571 376 4649 to
399 4563 520 4674 regni
541 4571 615 4644 aut
618 4591 683 4643 ern
704 4564 834 4648 nostri
854 4591 964 4704 anno
986 4564 1132 4671 prime.
