4856 5932
1145 1089 1338 1212 ccxvi.

694 1348 1167 1436 cracoviae-dte
1192 1349 1232 1437 6
1257 1350 1400 1456 Moli
1423 1348 1577 1440 146⁰
1604 1371 1770 1438 anno.

405 1559 516 1646 suu
528 1569 689 1666 oderim
702 1569 897 1664 obligationis
910 1570 942 1644 in
955 1571 1031 1645 ville
1046 1571 1161 1640 Deum
1175 1571 1227 1646 rel
1241 1571 1369 1640 Dresia
1382 1571 1495 1660 neue,
1516 1587 1620 1645 cortu
1631 1572 1791 1664 epium
1805 1563 1992 1647 caunensi
2002 1575 2057 1660 (¹).

508 1781 708 1866 Nicolaus
749 1777 1006 1892 Pyenyonrelc
1043 1780 1096 1862 de
1138 1777 1344 1863 Vittooicze
1378 1784 1711 1864 suecamerarius
1744 1794 1786 1864 et
1807 1784 2054 1892 capitaneus

408 1902 692 1985 eracouiensis
713 1911 862 1982 tenore
881 1901 1149 2009 presencium
1170 1900 1325 2009 quibus
1343 1901 1511 2008 expedit
1527 1901 1817 2013 significamus
1838 1903 2056 1985 uniuersis.

407 2017 596 2121 Qualiter
617 2021 756 2104 adhue
778 2015 1194 2131 magnifico‘domino
1217 2019 1247 2104 J
1249 2019 1414 2103 ohanne
1438 2019 1489 2100 de
1515 2016 1634 2105 Com
1671 2021 1900 2105 castellano
1922 2030 1966 2102 et
1986 2049 2059 2102 ca-

406 2141 576 2250 pitaneo
614 2139 885 2241 eracouiensi,
916 2166 997 2220 nee
1027 2163 1111 2219 non
1133 2139 1388 2221 serenissimi
1420 2138 1574 2222 domini
1594 2143 1706 2251 regis
1727 2139 1901 2225 Polonie¹
1920 2139 2060 2224 locum

407 2268 589 2360 tenente,
610 2259 653 2340 in
674 2257 1035 2369 humanisagente
1048 2253 1737 2371 (²)n0bilisLeonardusdeDroeo
1759 2256 2059 2342 etLeonardus

406 2377 516 2461 filius
538 2403 640 2460 suus
664 2377 717 2459 de
738 2375 895 2460 ibidem
915 2385 1256 2488 recognouernnt
1278 2405 1418 2462 coram
1438 2379 1592 2462 iudicio¹
1630 2379 1755 2461 castri
1778 2379 2060 2461 cracouiensis
2096 2427 2099 2432 -

408 2496 692 2606 competendo
713 2497 1000 2606 personaliter,
1023 2495 1127 2603 quia
1146 2509 1398 2606 receperunt
1426 2506 1596 2585 centum
1625 2523 1790 2579 marcas
1827 2495 2060 2580 communis

404 2617 585 2725 pecunie
606 2625 773 2698 monete
795 2625 838 2697 et
857 2616 1021 2698 numeri
1041 2613 1287 2726 polonicalis
1310 2617 1501 2700 consueti
1522 2617 1624 2700 certi
1646 2614 1778 2697 debiti
1801 2645 1827 2696 a
1842 2611 1971 2698 nobili
1987 2613 2062 2696 do·

406 2735 519 2819 mino
539 2734 666 2819 Petro
689 2732 1005 2819 Ozczikowszki
1040 2732 1262 2842 subjudice
1302 2743 1413 2819 terre
1451 2737 1736 2820 cracouiensis
1778 2731 1981 2846 generali,
2018 2733 2062 2816 in

407 2852 563 2964 quibus
586 2863 755 2936 centum
776 2855 927 2936 marcis
950 2853 1143 2962 obligant
1163 2854 1243 2963 ipsi
1266 2855 1433 2938 domino
1471 2855 1596 2939 Petro
1617 2863 1778 2964 partem
1816 2851 2059 2962 hereditatis

406 3001 527 3057 suam
548 2972 646 3087 (sic)
667 2974 710 3054 in
731 2973 896 3056 Dzewin
917 3001 1015 3056 cum
1038 2973 1150 3055 omni
1164 2974 1260 3084 jure
1283 2987 1326 3056 et
1346 2973 1541 3078 dominio,
1564 2970 1775 3076 censibus,
1797 2974 1923 3084 agris,
1944 2997 2061 3054 cam-

405 3095 484 3204 pis,
504 3094 648 3204 pratis,
669 3095 854 3202 pascuis,
876 3093 1030 3205 gagijs,
1050 3091 1223 3196 rubetis,
1245 3092 1372 3196 siluis,
1392 3093 1527 3176 botris
1549 3101 1591 3175 et
1613 3120 1710 3176 cum
1742 3090 1945 3177 vniuersis
1964 3117 2061 3198 per·

408 3211 596 3321 tinentijs
619 3210 961 3322 quibuscumque
985 3211 1177 3294 dicentur
1211 3211 1450 3296 nominibus
1486 3211 1587 3296 nihil
1623 3211 1881 3295 excludendo
1917 3218 2063 3293 tenere

404 3331 530 3415 modo
552 3328 801 3443 obligatorio
823 3329 1039 3438 usquead
1061 3331 1401 3442 exempcionem,
1430 3329 1603 3442 dempta
1637 3334 1754 3414 curia
1784 3334 1828 3413 in
1860 3329 1999 3412 Druen
2019 3341 2063 3414 et

406 3451 521 3564 agris
544 3451 619 3564 qui
643 3449 888 3534 excoluntur
909 3449 964 3531 ad
986 3451 1145 3535 curiam
1166 3452 1211 3533 in
1232 3450 1383 3533 Drven.
1415 3449 1472 3534 Et
1495 3449 1653 3560 debent
1671 3454 1810 3560 ipsum
1830 3449 2062 3532 intercede-

405 3599 450 3654 re
471 3601 496 3655 a
518 3567 711 3680 qualibet
730 3595 914 3679 persona
934 3569 1155 3679 utriusque
1176 3597 1300 3653 sexus
1336 3571 1453 3653 iuxta
1481 3570 1587 3681 juris
1608 3567 1797 3654 formam.
1844 3568 1941 3653 Non
1961 3595 2062 3650 eua-

408 3691 545 3774 dendo
566 3691 705 3800 ipsum
726 3689 877 3803 quovis
898 3687 1023 3774 modo
1045 3689 1125 3772 sub
1149 3690 1417 3773 ammissione
1438 3717 1513 3772 sue
1535 3716 1678 3772 cause.
1722 3687 1781 3772 Et
1800 3689 1978 3798 priorem
1998 3689 2061 3769 in·

407 3809 677 3918 scriptionem
698 3836 825 3920 super
846 3809 1121 3920 septuaginta
1152 3835 1316 3893 marcas
1337 3812 1475 3892 minus
1495 3807 1630 3891 tribus
1664 3817 1706 3890 et
1732 3807 1895 3892 fertone
1914 3805 2059 3889 morti·

407 3929 654 4012 ficauerunt.
702 3927 852 4012 Oarzel
879 3928 1160 4011 ministerialis
1197 3929 1321 4011 datus
1344 3939 1409 4010 est
1428 3927 1509 4012 sibi
1530 3929 1586 4010 ad
1605 3921 1977 4014 intromittendum.
2009 3923 2060 4010 In

407 4048 527 4132 euius
557 4047 619 4130 rei
638 4047 924 4130 testimonium
960 4047 1144 4155 sigillum
1178 4059 1368 4131 nostrum
1408 4048 1678 4156 presentibus
1714 4059 1779 4132 est
1814 4071 2059 4158 appensum.

407 4168 562 4252 Actum
583 4165 627 4249 in
648 4175 787 4250 castro
824 4165 1086 4247 eraeouiensi
1120 4163 1223 4247 feria
1258 4167 1447 4250 secunda
1482 4165 1591 4251 infra
1622 4177 1797 4251 octenas
1833 4163 2060 4276 epiphanie

410 4287 584 4392 domini,
632 4312 743 4370 anno
793 4283 949 4368 domini
996 4283 1211 4368 millesimo
1265 4285 1682 4399 quadringentesimo
1733 4287 2059 4416 quadragesimo

511 4525 551 4604 (Ι)
574 4521 626 4588 Ex
636 4519 788 4610 originali
802 4516 1024 4586 adectissimo
1048 4515 1102 4582 W.
1116 4519 1157 4586 A.
1175 4519 1420 4605 Maciejowscio
1435 4543 1607 4594 concesso,
1630 4519 1805 4608 descripsit
1824 4519 2060 4587 Mnczkowski.

410 4605 556 4756 Sip'llum
573 4607 689 4686 minus,
706 4605 848 4673 taeniols
863 4625 1062 4692 pergamena
1077 4625 1267 4690 appensum.
1287 4608 1415 4694 insigne
1440 4605 1639 4694 appellatum
1655 4605 1796 4689 „delita”
1826 4605 2063 4693 repraesentet}

407 4692 458 4756 ins
482 4690 579 4776 riptio
595 4691 627 4757 in
637 4691 759 4758 ambitu
768 4691 796 4757 si
822 4686 1414 4768 iui:.‚s.N100LAJPYssAst
1435 4692 1497 4757 DE
1518 4690 1665 4759 Vl'l'OV
1666 4735 1720 4758 .....
1723 4691 1741 4717 ”
1759 4691 1796 4758 ln
1812 4690 1911 4757 dorso
1926 4689 2057 4759 tabulae
2111 4761 2116 4770 ,

406 4774 544 4865 legimus
559 4777 737 4860 sequentis:
753 4713 1117 4865 „Olrligetiocerturum
1131 4798 1314 4843 marcarum
1331 4779 1364 4843 in
1379 4777 1514 4848 Drwen..
1528 4775 1634 4865 Lysth
1652 4799 1695 4843 na
1707 4775 1957 4864 Drwyisncza.”

515 4859 552 4942 Ρ)
572 4861 717 4938 doapnes
733 4861 772 4928 de
789 4865 921 4952 (leysos,
938 4875 1086 4930 mortuus
1102 4885 1131 4928 a.
1151 4863 1242 4928 1457.
