4844 5936
1136 1105 1425 1224 ccxxxvii.

643 1457 645 1462 ,
724 1379 1085 1476 laetitae-rite
1100 1379 1169 1466 12
1187 1376 1508 1464 Novembris
1524 1375 1666 1464 149⁵
1684 1399 1847 1464 canc.
1891 1299 1899 1314 ο

458 1605 652 1680 umnam
671 1601 805 1674 thelonei
824 1602 909 1694 liegii
930 1600 1177 1676 sudomiriensis
1197 1591 1325 1692 ruguit
1344 1599 1432 1672 nnus
1451 1616 1504 1688 nro
1517 1599 1601 1672 uilio
1615 1602 1727 1674 nucis
1748 1604 1782 1674 ot
1794 1603 1876 1676 unni
1894 1601 1979 1676 litt'n
1998 1601 2102 1678 innon

458 1708 623 1801 1111111111
643 1705 791 1796 stillim
811 1721 875 1792 ⁸⁸¹.
897 1702 936 1778 111
955 1707 1022 1778 1111
1040 1721 1135 1776 11111
1155 1704 1488 1890 :igppodampne
1502 1703 1717 1794 ainerio,
1736 1705 1862 1778 eiriins
1883 1705 2103 1780 Sondonirien'-

564 2036 753 2120 doannes
774 2032 974 2118 Albertus
997 2031 1064 2114 dei
1085 2033 1229 2142 gracia
1249 2029 1342 2116 Rex
1362 2031 1533 2118 Polonie
1554 2030 1811 2144 Suppremus
1829 2035 1913 2118 dux
1927 2033 2105 2120 Lithua-

461 2159 542 2262 nie,
563 2153 1001 2266 RussiepPrussieque
1024 2151 1214 2233 dominus
1253 2161 1294 2233 et
1328 2151 1451 2236 heres
1488 2163 1570 2236 etc.
1623 2151 1923 2264 Signifieamus
1959 2164 2104 2240 tenore

458 2275 724 2386 presencium
747 2271 966 2356 uniuersis.
1009 2265 1119 2368 Quia
1141 2297 1236 2352 cum
1256 2268 1427 2354 famosis
1463 2269 1629 2356 Joanne
1652 2281 1695 2355 et
1715 2273 1888 2356 Nicolao
1926 2271 2104 2384 Gaijslar

463 2393 641 2480 Ciuibus
662 2395 814 2474 nostris
839 2388 1246 2474 Sandomiriensibus
1267 2415 1342 2500 pro
1365 2389 1583 2473 Thelaneo
1604 2399 1745 2500 nostro
1776 2390 2103 2476 Sandomiriensi

461 2514 575 2598 hunc
596 2511 769 2594 fecimus
792 2515 1052 2594 contractum
1090 2511 1162 2614 qui
1189 2509 1405 2616 sequitur,
1441 2538 1518 2620 per
1554 2519 1638 2592 tres
1681 2538 1813 2595 annos
1847 2511 2104 2596 immediate

463 2641 689 2740 sequentes
737 2631 994 2712 duraturum.
1058 2621 1180 2724 Quod
1222 2625 1381 2712 scilieet
1420 2631 1557 2738 ipsum
1598 2629 1838 2714 theloneum
1877 2657 1952 2740 pro
1994 2582 2105 2714 mile·

463 2745 615 2836 mercis
648 2749 877 2832 communis
908 2748 1087 2856 pecunie
1116 2747 1159 2828 in
1190 2745 1342 2859 Regno
1374 2753 1590 2852 currentis,
1621 2759 1665 2830 et
1696 2747 1841 2832 decem
1860 2749 1975 2834 libris
1999 2749 2106 2836 Cro-

463 2873 502 2954 ci
524 2871 593 2985 (²).
627 2897 678 2950 ac
699 2895 773 2950 sex
801 2863 1011 2976 lapidibus
1042 2865 1207 2975 piperis.
1240 2866 1415 2978 singulis
1447 2869 1566 2950 annis
1600 2869 1659 2950 eis
1691 2868 1978 2974 conduximus,
2001 2898 2027 2952 a
2047 2869 2106 2952 fe-

465 3000 531 3074 sto
570 2987 811 3073 Natiuitatis
853 2984 1010 3070 Christi
1049 2985 1248 3094 proximo.
1283 3011 1376 3092 quo
1415 2985 1556 3070 finitur
1596 3015 1729 3070 annus
1769 3013 1879 3068 nunc
1918 3016 2106 3094 currens,

464 3108 636 3218 quintus
667 3115 765 3216 post
795 3103 1053 3188 millesimum
1087 3105 1548 3214 quadringentesimum
1565 3106 1882 3230 nonagesimum
1905 3107 2107 3220 incipien-

464 3227 531 3312 do.
563 3253 697 3338 usque
728 3225 784 3308 ad
814 3223 928 3306 aliud
957 3220 1112 3304 festum
1141 3223 1385 3309 Natiuitatis
1410 3222 1566 3309 Christi
1595 3227 1841 3334 proximum.
1878 3223 2108 3311 Teneban-

466 3356 535 3429 tur
564 3346 710 3454 itaque
740 3370 816 3452 pro
849 3335 961 3426 festo
986 3342 1288 3428 Penthecostes
1329 3345 1517 3454 proximo
1549 3343 1671 3426 nobis
1704 3345 1961 3456 quingentas
1997 3374 2107 3430 mar·
2141 3359 2144 3364 ’

465 3492 550 3549 cas.
585 3466 774 3574 quinque
804 3461 930 3544 libras
963 3463 1085 3568 croci,
1117 3469 1159 3542 et
1188 3471 1273 3544 tres
1303 3461 1464 3571 lapides
1494 3463 1650 3572 piperis
1681 3463 1858 3547 soluere.
1901 3461 2107 3574 Reliquas

464 3611 562 3670 vero
595 3585 853 3694 quingentas
883 3605 1060 3663 marcas.
1101 3581 1289 3690 quinque
1324 3586 1456 3664 eciam
1497 3581 1626 3664 libras
1660 3581 1784 3668 Croci
1815 3593 1858 3664 ct
1886 3592 1972 3665 tres
2002 3583 2108 3694 lapi·

467 3704 541 3788 des
572 3703 727 3812 piperis
768 3727 843 3810 pro
881 3698 988 3786 festo
1030 3696 1272 3784 Natiuitatis
1321 3700 1487 3787 Christi
1515 3703 1716 3812 proximo.
1762 3711 1862 3810 post
1895 3699 2104 3812 prefatum

309 3831 312 3840 '
463 3821 760 3933 penthecostes
790 3822 1023 3929 proximum
1053 3817 1217 3925 festum,
1250 3830 1292 3904 et
1321 3822 1382 3904 sic
1415 3819 1613 3932 deinceps
1635 3820 1913 3928 sequentibus
1942 3819 2105 3904 duobus

466 3940 585 4024 annis
616 3940 827 4048 predictas
859 3965 1041 4022 summas
1081 3948 1211 4046 atque
1250 3966 1419 4024 crocum
1461 3968 1555 4022 cum
1597 3943 1741 4050 pipere
1770 3939 1901 4032 ¹nrcbis
1940 3939 2108 4023 soluere

375 4073 381 4082 “
465 4055 731 4142 tenebuntur.
794 4053 983 4154 Quodsi
1014 4085 1143 4168 quam
1179 4069 1313 4142 ratam
1350 4059 1393 4138 in
1435 4057 1635 4142 soluendo
1675 4057 1797 4144 nobis
1835 4059 2107 4171 neglexerint.

469 4178 635 4262 Extunc
665 4177 783 4260 iuxta
814 4177 1164 4282 composicionem
1196 4205 1291 4258 cum
1321 4173 1637 4262 fideiussoribus
1668 4175 1836 4278 factam,
1867 4205 1942 4288 pro
1973 4179 2033 4260 eis
2056 4179 2109 4261 de

467 4298 667 4381 theloneo
697 4296 790 4405 ipso
821 4317 898 4376 nos
936 4293 1278 4396 intromittemus,
1318 4293 1447 4376 saluis
1487 4295 1778 4381 fideiussorum
1821 4297 2110 4406 inscripoioni-

467 4416 547 4502 bus
578 4416 699 4504 nobis
740 4410 875 4497 factis.
935 4411 1042 4496 Item
1070 4409 1191 4495 -ultra
1228 4411 1307 4494 hee
1347 4414 1485 4498 omnia
1524 4441 1674 4499 census
1715 4415 2024 4502 ecclesiasticos
2063 4418 2105 4498 in

471 4733 490 4800 d
547 4651 615 4798 t(¹)
636 4650 687 4715 lix
702 4646 850 4736 originali
866 4647 1002 4734 dosophi
1022 4647 1184 4713 Rusieccii
1199 4649 1344 4733 proprio,
1376 4647 1453 4712 Ant.
1482 4647 1706 4716 Mocnkowski
1729 4647 1912 4736 descripsit.
1959 4647 2108 4734 Sigillum

494 4753 571 4799 ees.
1732 4749 1734 4756 ¹

575 4819 614 4900 N)
636 4818 755 4896 crocos,
771 4819 919 4904 polonice
936 4819 1071 4908 ozcsroa.
