4952 5926
1165 746 1200 793 vt

369 899 618 1014 provinciam,
638 899 812 1010 quamvis
832 899 991 1012 mirifice
1006 899 1112 982 nobis
1134 900 1376 1008 arridentem,
1397 931 1518 1014 neque
1539 933 1564 986 a
1584 903 1724 988 studiis
1751 909 1889 991 nostris
1922 905 2019 990 alie-

374 1014 484 1139 nam,
505 1063 623 1146 quum
642 1061 716 1117 uon
733 1035 871 1118 barum
885 1037 1026 1118 uirium
1047 1063 1128 1117 esse
1145 1047 1382 1148 putaremus,
1404 1039 1470 1122 diu
1487 1041 1787 1145 detrectaoimus,
1815 1042 2018 1155 permultis

376 1172 687 1284 occupationibus
709 1172 880 1273 distenti,
905 1173 1024 1255 donec
1052 1169 1255 1255 Venceslai
1274 1175 1575 1288 Maciejotoscii,
1596 1207 1777 1291 mapnum
1794 1182 1833 1262 iu
1849 1180 2017 1294 republi-

377 1338 424 1392 ca
455 1307 629 1392 literaria
658 1335 792 1390 nomen
814 1309 995 1414 habentis,
1017 1309 1241 1391 anctoritate
1255 1313 1432 1422 permoti,
1455 1314 1713 1424 satisfecimus
1731 1318 1826 1398 ootis
1841 1317 2017 1400 Alouan-

374 1445 441 1529 dri
456 1444 727 1546 Przezdziecii,
752 1445 828 1526 uiri
846 1445 891 1526 de
913 1474 955 1526 re
972 1443 1145 1527 literaria
1174 1443 1412 1552 Polonorum
1428 1450 1675 1554 meritissimi,
1707 1479 1747 1534 se
1772 1449 1918 1536 Codicis
1950 1479 2017 1536 no-

248 1625 254 1635 1
373 1583 449 1666 stri
466 1582 605 1666 edendi
613 1609 748 1664 curam
764 1595 853 1695 post
868 1582 1034 1665 Leonem
1046 1581 1405 1693 Repszczemscium,
1419 1587 1487 1696 qui
1495 1585 1712 1670 domesticis
1727 1589 1885 1702 nepotiis
1900 1591 2017 1700 impe-

376 1722 489 1821 ditus,
511 1721 701 1832 inceptum
715 1748 738 1801 a
753 1747 793 1801 se
810 1747 904 1832 opus
920 1717 1026 1801 ultra
1037 1719 1191 1800 tertium
1201 1716 1374 1801 uolumen
1381 1721 1567 1831 persequi
1574 1747 1650 1802 non
1660 1737 1792 1832 posset
1816 1739 2015 1836 susceptu-

366 1853 459 1938 'rum
482 1856 712 1969 profitentis.
764 1857 832 1938 Ita
846 1855 1002 1964 factum
1030 1867 1103 1954 est,
1125 1867 1166 1934 ut
1187 1881 1283 1966 opus
1307 1855 1582 1940 bbtczlcososcii
1599 1871 1719 1940 morte
1749 1853 2016 1971 interruptum,

374 1994 481 2079 harod
495 1993 632 2107 ecipuo
655 1993 835 2105 temporis
857 1993 982 2104 spatio
1003 1991 1213 2102 interjecto,
1236 1993 1389 2075 tandem
1410 1993 1558 2076 anobis
1580 1994 1792 2076 retractari
1816 1995 2015 2107 inciperet.

477 2127 684 2210 Rationem
700 2157 724 2208 a
741 2127 938 2209 decessore
960 2139 1089 2208 nostra
1108 2127 1250 2228 mitam,
1273 2125 1472 2240 utsiupuli
1490 2128 1582 2210 tomi
1594 2125 1838 2241 siupularum
1855 2132 2018 2241 promn-

374 2265 519 2346 ciarum
539 2274 778 2344 monumenta
799 2261 983 2345 historica
1004 2262 1231 2370 cohiberent,
1263 2265 1395 2365 secuti,
1427 2265 1499 2346 hoc
1518 2261 1702 2347 uolumine
1735 2261 1944 2376 diplomata
1964 2265 2018 2346 ad

371 2429 433 2483 res
457 2401 620 2484 llbnoris
636 2396 819 2481 Poloniae
835 2401 1062 2511 spectantia,
1079 2399 1269 2512 compleai
1286 2411 1429 2505 stemus.
1444 2402 1579 2512 Neque
1598 2403 1643 2484 de
1655 2403 1728 2484 hac
1748 2404 1808 2484 nia
1830 2403 1869 2484 in
1884 2414 2016 2513 poste-

372 2565 458 2618 reem
469 2535 719 2646 deflectemus,
738 2535 794 2616 ita
806 2547 928 2618 tamen
940 2548 993 2636 ut,
1008 2537 1047 2619 si
1062 2565 1142 2646 qua
1154 2539 1281 2620 adbuc
1302 2539 1433 2650 ipnota
1448 2565 1576 2620 rerum
1599 2551 1839 2620 monumenta
1860 2537 2013 2649 adpro-

370 2659 528 2775 oince'as,
550 2672 590 2752 in
611 2671 774 2754 historia
793 2701 960 2782 quarum
981 2674 1186 2783 superiora
1205 2674 1400 2784 volomina
1436 2687 1641 2758 versantur
1661 2677 1877 2788 spectantia
1895 2677 1933 2758 in
1955 2673 2016 2756 lu-

315 2863 316 2868 *
373 2835 453 2891 cem
467 2819 672 2918 protracta
680 2807 834 2918 fuerint
845 2871 856 2910 ,
887 2836 933 2890 ea
954 2809 1011 2913 iis,
1031 2837 1130 2919 quae
1146 2823 1371 2920 sequentur,
1384 2807 1646 2915 uoluminibus,
1670 2812 1897 2893 inseramus.

475 2943 668 3026 Minorem
683 2957 808 3026 autem
827 2942 1040 3048 Poloniam,
1062 2946 1229 3028 arctiore
1251 2947 1365 3056 hujus
1385 2947 1485 3026 occis
1520 2945 1808 3058 sipnificatione,
1831 2942 2013 3056 intellipi·

370 3109 453 3162 mus
474 3092 551 3162 tres
568 3081 811 3192 provincias,
830 3093 974 3163 terram
1017 3079 1313 3184 Cracooiensem‚
1338 3081 1701 3180 Sandomiriensem,
1724 3077 2010 3164 Lublinensem.

376 3213 484 3314 Quae
498 3217 682 3327 quumita
697 3217 784 3319 sint,
801 3215 1044 3304 nibilominus
1058 3229 1181 3300 tamen
1202 3213 1349 3328 aliquot
1369 3228 1610 3300 monumenta
1631 3215 1816 3302 historiae
1849 3212 2014 3298 Silesiae

358 3350 662 3436 'etPodlachiae
684 3349 806 3434 lucem
842 3353 1072 3468 offerentia,
1107 3382 1207 3463 quae
1228 3353 1395 3437 nondum
1425 3351 1537 3466 prelo
1569 3363 1657 3436 sunt
1688 3347 1885 3454 mandatu,
1923 3353 2013 3436 huic

370 3485 701 3601 quartooolumini
712 3489 945 3603 subjunpero
960 3515 1034 3572 non
1049 3489 1312 3590 dubitavimus,
1330 3487 1542 3603 diplomata
1550 3487 1721 3592 Russiae
1732 3487 1906 3588 Rubrae,
1919 3515 2016 3600 pro-

369 3627 531 3710 uinciam
548 3640 657 3737 puta,
675 3628 743 3712 cui
759 3627 869 3712 bodie
894 3625 1069 3712 Galiciae
1090 3655 1222 3712 nomen
1245 3641 1311 3730 est,
1334 3626 1420 3713 aliis
1436 3626 1688 3710 notaminibus
1706 3621 1953 3732 complemtri.

475 3760 583 3858 Quae
604 3781 845 3852 monumenta
860 3767 905 3850 in
926 3769 996 3850 boc
1017 3764 1112 3848 bibra
1130 3765 1320 3876 lepuntur,
1352 3791 1481 3844 cortem
1498 3763 1597 3842 bona
1625 3787 1725 3869 pars
1758 3755 1919 3838 collecto
1950 3757 2009 3840 in·

373 3875 542 3982 dustrice
555 3897 695 3982 Leonis
706 3903 1009 4012 Repseczewscii
1017 3901 1184 3998 debetur,
1197 3901 1276 3980 oiri
1284 3897 1505 4007 obfontium
1516 3895 1964 3980 historicorumstudium
1976 3896 2015 3978 in

369 4033 509 4146 Repno
527 4031 712 4116 Polontae
735 4035 942 4115 excitatum
952 4035 1048 4144 jure
1065 4032 1272 4143 meritoque
1289 4031 1489 4115 laudandi.
1501 4031 1611 4116 Huic
1626 4030 2012 4140 Rzpseozeeoscianae

372 4172 504 4282 copiae
525 4171 685 4254 accessit
706 4171 813 4252 haud
833 4171 991 4281 eaipuus
1012 4198 1192 4253 numerus
1215 4167 1475 4283 diplomatum,
1499 4200 1524 4252 a
1547 4165 1706 4254 Clariss.
1723 4169 2013 4280 Maciejomscio

369 4335 388 4390 e
410 4305 632 4392 bibliotheca
652 4307 929 4410 Staniotcensis
944 4308 1166 4392 monasterii
1186 4320 1328 4410 erutus,
1349 4321 1427 4388 tum
1462 4306 1608 4418 aliquot
1629 4307 1781 4392 urbium
1803 4321 1837 4390 et
1853 4310 2014 4420 oppido·

369 4471 455 4528 rum
478 4443 653 4530 Galiciae
675 4445 897 4530 documenta
918 4473 943 4524 a
965 4443 1418 4555 JosephoLepboeoscio,
1431 4446 1575 4555 juvene
1596 4447 1844 4552 ornatissimo,
1866 4445 2014 4530 descri-

364 4593 448 4693 ptc,
471 4609 569 4691 potae
590 4583 712 4664 omnia
734 4579 975 4689 antiquitatis¹
990 4592 1249 4664 scrutatorum
1269 4593 1355 4662 cota
1376 4579 1582 4693 euplerent,
1604 4581 1639 4664 si
1652 4581 1789 4671 notitiis
1830 4581 1875 4664 de
1915 4579 2010 4682 loco,

368 4745 445 4830 quo
464 4747 567 4802 ntmo
587 4731 841 4822 asserventur,
858 4717 903 4800 de
918 4714 1060 4829 sipillis
1081 4717 1217 4827 quibus
1238 4718 1313 4798 sint
1333 4719 1487 4824 munita,
1510 4718 1555 4800 de
1571 4695 1662 4800 aliis
1690 4717 1732 4798 id
1753 4745 1876 4830 penus
1896 4718 2008 4810 rebus

369 4856 558 4938 instructa
591 4868 724 4956 essent,
745 4855 850 4965 qnod
868 4854 965 4940 idem
986 4854 1219 4966 apopraphis
1242 4853 1564 4942 aMuczhotcscio
1586 4867 1621 4938 et
1640 4853 1944 4966 Reyszceewscio
1966 4883 2012 4936 en
2101 4927 2104 4938 .

367 4993 671 5077 Nieborowiensi
678 4993 906 5102 Principum
925 4989 1243 5077 Radeiooilt'orum
1283 4991 1474 5078 tabulario
1511 4996 1710 5104 consectis,
1734 4993 1853 5099 objici
1865 5005 2006 5101 potest.
