4930 5922
1053 659 1335 793 ἰιι-ζ

273 891 288 1026 J
356 899 562 1038 Episcopi
603 918 903 1038 Oracouisnsis
944 924 990 1000 et
1028 923 1267 1002 nostrorum
1306 909 1527 1009 Beronum
1563 913 1763 1002 videlicet
1808 913 2028 1010 Warson'is
2211 969 2219 984 ·

358 1043 605 1140 Castellani,
626 1039 834 1146 ,Neustup
870 1036 1052 1122 Palatini
1074 1031 1441 1135 Oraeouiensium,
1477 1030 1668 1144 danussij
1697 1035 1905 1144 Palatini,
1935 1041 2030 1151 My.-
2166 1089 2172 1102 ·

356 1163 487 1248 roulai
525 1157 758 1246 Castellani
795 1148 1217 1254 Sandomiriensium,
1264 1149 1445 1268 Sassiniu
1466 1145 1696 1238 Castellani
1736 1154 2030 1262 Wizliciensis‚

360 1277 606 1364 Scarbimiri
643 1274 874 1360 Castellani
913 1273 965 1354 de
1010 1267 1229 1380 Wopyrn'cls
1267 1264 1334 1380 (⁰),
1384 1267 1551 1352 Nicolai
1589 1268 1820 1354 Castellani
1857 1275 1909 1356 de
1946 1277 2030 1358 Bc·

355 1399 456 1508 yeclr
477 1395 514 1510 (¹
522 1391 552 1506 ')
577 1404 619 1477 et
640 1379 829 1478 aliorum
852 1389 1038 1474 omnium
1075 1385 1414 1470 Castellanorum
1445 1394 1488 1466 et
1518 1385 1722 1472 Judicum
1761 1392 2031 1476 existentium

358 1517 403 1596 in
425 1515 600 1598 Ducatu
613 1509 894 1597 Oracouiensi
915 1515 958 1590 et
979 1504 1331 1606 Sandomiriensi,
1361 1513 1572 1618 perpetua
1602 1511 1822 1594 sanctione
1842 1511 2030 1620 presenti

359 1633 532 1728 decreto
574 1625 872 1713 inuiolabiliter
903 1623 1223 1726 confirmamus,
1260 1629 1496 1704 statuentes
1527 1633 1735 1733 perpetuo
1757 1637 1805 1708 ut
1824 1631 2031 1738 quemad-

309 1747 315 1756 ’
359 1747 532 1832 modum
570 1741 993 1856 apredecessoribus
1017 1741 1170 1822 nostris
1201 1738 1392 1846 proauis,
1415 1741 1507 1820 auis
1531 1749 1573 1836 st
1592 1743 1840 1848 parentibus
1876 1749 2031 1832 nostris
2114 1832 2115 1840 Ν

361 1865 474 1948 dicte
509 1865 604 1960 ville
642 1851 748 1946 cum'
773 1854 1038 1968 pertinentijs
1075 1855 1163 1937 suis
1186 1865 1229 1937 et
1250 1853 1377 1974 etiam
1408 1853 1503 1935 ville
1526 1885 1610 1966 que
1632 1887 1745 1942 nunc
1767 1861 1907 1946 lacate
1931 1865 2030 1976 (sic)

259 1979 281 2092 ‚¹
360 1990 461 2064 sunt
494 1981 563 2064 vel
596 1979 727 2064 locari
749 1977 908 2060 debent
937 1978 980 2057 in
1011 1973 1229 2082 territorijs
1269 1971 1498 2062 earundem
1535 1999 1632 2054 eum
1670 1978 1864 2062 omnibus
1902 1985 2032 2090 ascri·

359 2097 500 2210 pticijs
538 2097 624 2180 suis
660 2094 930 2205 presentibus
967 2097 1010 2173 et
1044 2089 1195 2176 futuris
1233 2097 1276 2172 et
1309 2087 1478 2170 tributis
1516 2091 1767 2198 eorundem,
1788 2102 2032 2210 monasterij

361 2215 632 2299 Thinciensis
669 2215 814 2324 quiete
846 2221 889 2294 et
917 2205 1098 2320 pacifice
1128 2205 1350 2293 retroactis
1380 2206 1660 2316 temporibus·
1686 2211 1931 2320 extiterunt,
1965 2245 2033 2298 re.

248 2382 254 2392 ,
361 2343 565 2418 maneant
584 2330 760 2415 stabiles
775 2339 819 2412 et
833 2327 1095 2414 inuiolabiles
1116 2331 1402 2435 perseuerent
1451 2325 1494 2411 A
1509 2323 1633 2410 nobis
1652 2335 1698 2412 et
1718 2356 1745 2408 a
1760 2331 1914 2414 nostris
1935 2359 2034 2416 suc·
2207 2421 2212 2428 ,

362 2449 601 2536 sessoribus
636 2451 682 2532 in
716 2473 795 2532 suo
829 2447 982 2532 robore
1018 2445 1301 2554 firmitateque
1341 2451 1551 2552 perpetua
1593 2444 1805 2531 durature.
1859 2447 2033 2560 Siquis
2173 2531 2178 2540 ,

361 2595 462 2654 vero
486 2567 821 2675 ascripticiornm
843 2566 1060 2650 dictatum·
1086 2562 1277 2648 villarum
1300 2569 1342 2642 et
1362 2561 1537 2669 aliorum
1556 2560 1717 2648 ibidem
1737 2564 2039 2671 habitanciuml

314 2783 324 2798 .
362 2713 440 2795 pro
470 2711 518 2766 re
549 2685 691 2794 aliquo
726 2681 935 2766 maleficio
972 2681 1049 2762 seu
1085 2680 1344 2764 eontrabctu
1376 2676 1473 2790 (sic)
1509 2679 1579 2762 vel
1610 2680 1695 2764 alia
1732 2681 2034 2795 qualicumque

363 2801 516 2884 inimic
537 2802 593 2882 ad
613 2810 803 2886 nostram
824 2801 914 2884 siue
938 2797 1275 2900 Castellanorum
1296 2823 1372 2878 seu
1391 2795 1808 2918 Palsthin‘orumaut
1827 2799 2032 2893 Judieurn

363 2920 647 3030 predictorum
679 2927 754 3002 aut
783 2916 853 3022 ad¹
872 2943 1239 3030 quorumcumque
1281 2909 1538 3000 Officialium
1576 2921 1835 3026 presentiam
1877 2921 2053 3005 citatis·

253 3133 256 3140 ¹
362 3036 499 3140 firsrit,
519 3063 605 3120 non
624 3035 882 3145 respondeat
902 3063 984 3119 nec
1003 3033 1182 3144 proinde
1204 3031 1392 3144 aliquam
1412 3037 1776 3146 penam-recipiat,
1793 3037 1871 3124 sed
1887 3065 2035 3124 coram
2155 3129 2158 3137 4

317 3245 320 3255 ,
367 3153 525 3239 dudice
558 3153 804 3262 Monasterij
842 3151 1123 3258 Thinciensis,
1160 3159 1309 3269 contra
1326 3153 1443 3260 ipsos
1464 3152 1501 3239 si
1521 3151 1618 3262 quis
1639 3154 1805 3268 aliquid
1823 3159 2036 3268 questioni

368 3281 591 3382 acceptare
628 3271 818 3374 voluerit,
860 3297 979 3356 suam
995 3269 1221 3354 suessam
1240 3279 1537 3380 prosequncrr.
1588 3271 1820 3382 Ncautem
1840 3302 1951 3360 ausu
1969 3286 2036 3358 te·-

364 3391 543 3474 merario
562 3399 608 3474 et
626 3391 772 3500 iniquo
794 3390 907 3474 hanc
928 3388 1292 3474 confirmationem
1315 3397 1358 3470 et
1378 3387 1706 3474 declarationem
1723 3451 1726 3459 ι
1747 3393 2036 3502 predictarum

366 3505 559 3611 villarum
600 3507 931 3616 ascripticiorum
974 3533 1139 3590 necnon
1173 3504 1418 3589 libertatum
1455 3507 1685 3595 eorundem
1722 3510 1947 3618 quispiam*
1967 3519 2034 3592 at·

268 3705 270 3710 .
365 3631 548 3736 temptet
582 3623 812 3735 infringere
831 3625 875 3706 in
895 3631 1113 3734 posterum
1136 3633 1179 3704 et
1197 3631 1433 3729 presumet,
1468 3625 1607 3731 ipsam
1642 3625 1790 3734 sigillis
1824 3633 1969 3711 nostro
1993 3635 2037 3713 ct

365 3739 599 3826 Rarissime
631 3743 839 3852 Ocniugis
858 3751 1006 3827 nostre
1023 3741 1215 3850 superius
1236 3739 1451 3825 nominate
1474 3741 1668 3827 duximus
1686 3738 1985 3826 roborandam.
2006 3745 2036 3850 †

366 3855 572 3972 Quisquis
591 3870 736 3952 autern
758 3861 945 3944 omnium
966 3859 1265 3968 premissorum
1285 3858 1328 3940 in
1348 3853 1539 3951 fauorem
1555 3851 1600 3948 [et
1615 3858 1804 3970 quietem
1819 3857 2035 3973 religionis
2124 3965 2129 3973 .

367 3979 652 4064 sacratissime
689 4001 1009 4080 concessorum,
1029 3976 1162 4060 velin
1184 4001 1447 4086 quocunque
1483 3997 1629 4061 eorum
1649 3978 1828 4074 violator
1847 3981 2036 4082 extiterit
2103 4061 2106 4068 ,
2161 3989 2163 3994 ’
2292 4079 2305 4097 ·
2353 4064 2359 4074 ,

248 4125 253 4134 ’
367 4121 444 4180 seu
463 4107 765 4208 transgressor,
785 4098 893 4182 iram
913 4095 1214 4204 omnipotentis
1236 4093 1306 4176 dei
1329 4103 1370 4176 et
1386 4091 1629 4181 Electorurn
1649 4121 1821 4184 suorum
1836 4099 2051 4206 incurratg

284 4233 289 4238 ·
368 4241 495 4322 super
516 4215 599 4300 boc
620 4215 827 4300 rationem
849 4213 1146 4324 grauissimam
1167 4214 1210 4292 in
1233 4211 1463 4319 diciudicij
1485 4212 1740 4320 redditurus,
1762 4225 1920 4302 etcum
1943 4243 2037 4300 mas·
2181 4282 2194 4296 .

361 4329 537 4416 dedictis
554 4342 599 4418 st
618 4331 774 4444 iniquis
795 4333 840 4414 in
860 4331 1065 4441 gehenna·
1095 4329 1275 4436 recipiat
1308 4331 1557 4438 portionem.
1609 4329 1766 4414 Actum
1800 4333 1974 4440 publicu
1991 4337 2034 4416 in
2165 4320 2178 4343 ⁰

265 4539 269 4548 ,
370 4446 549 4559 Clrorcyn
579 4449 704 4534 Anno
728 4449 885 4535 domini
904 4447 980 4532 Mt
1004 4445 1113 4534 00⁰.
1135 4445 1295 4532 LXX⁰.
1322 4441 1394 4529 V'.
1445 4446 1498 4529 In
1531 4448 1597 4529 die
1618 4459 1765 4532 sancte
1785 4447 1941 4556 Lucie;
1963 4450 2034 4534 In·
2077 4441 2083 4458 ’

367 4567 552 4653 dictione
573 4567 651 4652 ΙΙΙ.
682 4567 854 4679 Epacta
871 4565 1004 4654 XXII
1023 4564 1290 4676 presentibus
1311 4561 1488 4674 prefatis
1511 4565 1680 4651 domino
1702 4565 1834 4664 Paulo
1855 4567 2034 4679 Episco-

471 4827 515 4909 (⁹)
545 4827 690 4918 Wojnice.
730 4826 787 4910 (¹⁰)
809 4827 905 4895 Biccz
919 4827 1044 4914 oppida
1060 4827 1094 4894 in
1113 4827 1249 4910 antiquo
1265 4823 1447 4912 palatinatu
1459 4823 1686 4914 Craccviensi,
1699 4822 1800 4930 hodie
1815 4825 1850 4922 in
1864 4825 2014 4912 Gallicis.
