4930 5922
1056 709 1344 808 -rr-'

354 963 431 1046 per
449 935 693 1019 uniuersum
733 931 976 1044 Dominium
996 941 1189 1018 nostrum
1210 941 1254 1016 et
1273 932 1501 1023 Ducatum.
1556 933 1787 1021 Caeterum
1808 933 1863 1048 (³)
1884 935 2020 1020 indul-

357 1079 510 1165 gemus
527 1049 689 1134 eisdem
705 1049 822 1159 quod
837 1075 984 1133 omnes
1000 1050 1173 1144 Incolae
1187 1051 1373 1158 ipsorum
1390 1049 1444 1131 de
1458 1049 1627 1135 Scoruile
1639 1061 1682 1133 at
1692 1050 1836 1133 Sercorc
1850 1055 2021 1162 pascuis

355 1171 487 1258 libere
521 1176 693 1252 vtantur
714 1166 756 1250 in
779 1165 959 1274 campis
979 1167 1167 1250 villarum
1199 1169 1414 1251 hominum
1446 1177 1683 1252 nostrorum
1705 1169 1757 1250 de
1781 1168 2023 1258 Sconrclu'ct

359 1286 459 1400 (sic)
481 1297 525 1368 et
551 1282 733 1385 Wor‘cte,
770 1286 832 1366 ita
866 1295 1011 1368 tamen
1041 1287 1401 1368 sinocumentum
1434 1285 1675 1368 hominibus
1711 1285 2022 1374 haereditatum

356 1405 671 1516 praedictarum
708 1402 932 1512 aliquoties
967 1402 1201 1506 intulerint,
1232 1412 1276 1486 et
1298 1403 1350 1484 de
1372 1428 1419 1484 se
1441 1401 1788 1512 quaerelantibus
1811 1401 1867 1515 (θ)
1896 1405 2022 1490 vllam

359 1520 695 1606 satisfactionem
714 1517 991 1626 exhibuerint
1005 1521 1187 1644 gratimn
1200 1547 1284 1630 ¹per
1303 1547 1381 1602 nos
1400 1517 1560 1602 factam
1580 1519 1829 1606 subtrahere
1850 1533 2023 1632 propter
2102 1587 2107 1594 .
2166 1601 2170 1611 ,

356 1640 439 1725 hoc
457 1638 690 1748 poterimus
710 1635 766 1718 ab
788 1637 860 1720 eis.
899 1635 959 1723 Ut
979 1646 1122 1720 autem
1143 1641 1364 1742 concessio
1389 1646 1431 1720 et
1451 1638 1622 1721 donatio
1642 1639 1771 1723 robur
1789 1650 2023 1748 perpetuae

357 1757 567 1842 firmitatis
605 1782 633 1836 a
652 1753 775 1838 nobis
797 1763 840 1836 et
859 1756 1013 1838 nostris
1049 1755 1369 1840 successoribus
1398 1755 1607 1858 obtineat,
1631 1755 1923 1864 praesentibus
1945 1785 2021 1843 no·

357 1884 490 1958 strum
510 1871 693 1982 sigillum
715 1871 908 1956 duximus
951 1873 1265 1982 apponendum.
1326 1871 1438 1954 Acta
1460 1883 1560 1954 sunt
1578 1873 1686 1954 haec
1705 1873 1830 1958 Anno
1850 1873 2022 1962 Domini

356 1988 616 2092 MOOLVH,
638 1990 933 2100 praesentibus
952 1988 1193 2074 hominibus
1215 2012 1395 2101 quorum
1415 1989 1498 2072 ista
1518 1999 1617 2072 sunt
1636 1991 1821 2076 nomina.
1863 1991 2020 2078 (lomes

357 2109 485 2194 Wars
505 2105 723 2217 praefatus
743 2118 990 2215 procurator
1008 2107 1133 2190 huius
1153 2107 1329 2217 negotii.
1391 2103 1423 2190 J
1425 2107 1586 2191 acobus
1608 2106 1794 2192 Venator
1816 2107 1869 2190 de
1892 2109 2024 2198 Glob-

262 2223 267 2230 ’
357 2227 454 2331 sek,
493 2220 751 2312 Demaratus
789 2222 1011 2310 Subindex
1046 2225 1168 2310 Orac:
1205 2221 1261 2337 (¹)
1307 2225 1462 2309 Petrus
1498 2223 1715 2309 Tribunus
1751 2223 2021 2316 Visliciensis.

358 2343 602 2434 Ratiborius
618 2344 673 2426 de
689 2340 869 2426 Podlase
882 2341 950 2454 (ὅ),
970 2341 1204 2454 Sdigodius
1226 2346 1301 2452 qui
1320 2342 1506 2454 sigillum
1527 2343 1725 2454 apposuit
1748 2351 1790 2426 et
1804 2343 1875 2428 alii
1894 2371 2024 2456 quam

316 2539 320 2546 .
359 2464 512 2573 plures.
544 2460 706 2543 Datum
727 2486 803 2568 per
817 2488 968 2542 manus
991 2459 1253 2544 Twardoslai
1275 2459 1640 2570 Sub-(lancellarij
1664 2461 1820 2548 Ouiae
1838 2463 1883 2546 in
1903 2464 2022 2552 terri·

359 2582 477 2666 toriis
498 2578 678 2662 militum
700 2579 753 2661 de
776 2573 977 2662 corrosas
994 2576 1049 2692 (⁰)
1073 2587 1225 2691 quarto
1246 2580 1341 2662 idus
1362 2575 1483 2662 «lunii
1504 2579 1521 2692 (
1548 2573 1592 2690 ⁰).

465 2814 509 2894 (⁵)
531 2811 696 2878 Celerum.
736 2811 778 2891 (⁶)
801 2809 1063 2892 querulantibus.
1100 2811 1143 2892 (²)
1166 2809 1360 2878 cracoviae.
1397 2813 1438 2890 (θ)
1459 2808 1615 2876 Podluse.
1650 2813 1693 2892 (⁹)
1716 2809 1930 2879 Costechich.

465 2897 522 2978 (¹⁰)
545 2893 651 2962 Villae
666 2893 721 2958 hic
735 2903 934 2959 memoratae
950 2893 1095 2961 fortasse
1116 2904 1202 2962 sunt:
1242 2895 1415 2975 Concitet,
1430 2893 1529 2960 hodie
1545 2895 1657 2962 Koatlci
1671 2893 1725 2960 vel
1740 2897 1958 2982 Koukowiu„
1969 2897 2026 2964 ilia

362 3005 397 3048 re
423 2980 509 3046 ‘onis
526 2978 760 3047 Stobnicensis
774 2978 952 3062 parochiae
967 3001 1049 3044 vero
1064 2979 1268 3060 Busoensis3
1285 2979 1367 3047 baec
1378 3000 1460 3044 vero
1475 2979 1636 3047 territorii
1646 2979 1867 3064 llcussiensis,
1879 2981 2027 3070 regicnls

340 3067 399 3134 ·P‘
415 3065 563 3143 scansis,
588 3063 764 3150 parochiae
790 3062 1049 3148 Krocmcensis.
1084 3061 1203 3131 Villam
1229 3061 1362 3132 Sternit
1384 3062 1498 3129 nullibi
1512 3063 1659 3148 invenire
1700 3064 1861 3148 cluimus,
1885 3064 2027 3134 saeue

363 3171 442 3218 vero
458 3147 537 3214 villa
551 3157 603 3213 est
617 3147 765 3235 regionis
778 3145 968 3215 Kielceosis
988 3149 1166 3234 parochiae
1182 3147 1453 3234 Malogostensis.
1481 3147 1658 3216 Sauracticlr
1673 3087 1815 3217 bnasse
1830 3147 1930 3216 bodie
1947 3149 2026 3217 slo-

361 3255 505 3324 mrroce,
533 3231 612 3300 villa
626 3231 774 3322 regionis
789 3229 985 3320 Kieloensis,
999 3255 1072 3322 par.
1087 3231 1357 3322 Dalessyceusis.
1383 3233 1421 3300 W
1420 3236 1507 3302 eeu
1520 3232 1577 3318 qui
1592 3231 1775 3324 siguificat?
1796 3231 1981 3304 Nescimus.

1049 3695 1053 3704 K
1093 3546 1330 3706 xxxvl..

833 3783 1366 3917 cracoviae-1259
1392 3803 1558 3868 anno.

291 4063 294 4071 1
387 3903 690 4074 Doblcslisus
703 3967 787 4042 uns
801 3965 930 4042 ulnus
943 3971 977 4042 rt
990 3969 1301 4043 Benedictus
1314 3969 1397 4042 llius
1410 3965 1563 4042 uncum
1576 3972 1693 4043 souin
1705 3969 1802 4045 vilre
1816 3969 2004 4060 mimano

566 4097 574 4106 ·
881 4072 1527 4166 communicassemus..

434 4297 439 4307 ·
465 4245 517 4331 In
537 4247 707 4332 nomine
730 4243 887 4329 domini
907 4241 1058 4331 Amen.
1119 4243 1321 4332 Humane
1343 4243 1508 4330 facilius
1528 4247 1806 4358 inprimuntur
1826 4224 2025 4332 memorie

282 4463 284 4466 ¹
364 4391 450 4478 que
468 4365 698 4450 munimine
717 4361 975 4448 Litterarum
996 4393 1048 4448 ac
1067 4361 1183 4450 nube
1202 4366 1376 4450 testium
1394 4361 1551 4450 fuerint
1568 4363 1786 4472 roborata,
1827 4361 1941 4450 Hinc
1962 4373 2027 4450 est

467 4599 510 4680 (¹)
531 4599 583 4664 Ex
597 4595 710 4664 tabula
737 4614 960 4685 pergameneo
973 4597 1008 4663 in
1021 4600 1224 4666 monasterio
1252 4597 1477 4682 Staniatcensi
1501 4607 1672 4664 asservata
1692 4597 1872 4684 descripsit
1886 4597 2024 4666 doctiss.

364 4681 543 4749 Slawir'rslri
557 4705 685 4768 nosque
702 4683 826 4761 docuit,
841 4681 997 4750 funiculis
1013 4683 1129 4749 sericis
1144 4685 1236 4750 rubri
1251 4683 1376 4751 coloris
1390 4705 1661 4770 appensum-esse
1673 4682 1763 4748 idem
1777 4681 1920 4782 siffillum
1935 4681 2026 4768 quod

359 4766 503 4851 iam'sub
519 4787 606 4837 anuo
623 4770 709 4836 1254
721 4768 813 4850 (vide
830 4787 931 4852 supra
973 4767 1158 4856 rivilegium
1171 4771 1210 4836 N.
1226 4767 1427 4837 XXVllldie
1442 4769 1483 4834 23
1496 4765 1670 4844 februarii)
1707 4765 1805 4834 deser
1842 4767 1954 4836 simus.
1985 4767 2025 4832 In
2128 4797 2129 4800 ¹

364 4851 489 4918 ambitu
497 4852 605 4940 sigilli
618 4853 708 4922 clara
722 4852 878 4940 leguntur
892 4786 1005 4923 verbus
1029 4854 1087 4937 ηδ.
1102 4853 1321 4924 Boleslsiolai
1330 4873 1395 4940 gra
1408 4850 1503 4920 dvois
1519 4848 1682 4920 Oraoovie
1698 4861 1733 4920 et
1745 4851 1816 4922 San
1838 4847 1984 4923 onitu?
