4856 5932
1037 715 1105 738 ⁴-
1156 685 1232 760 394
1285 723 1330 738 -··

370 897 559 982 formam.
591 893 766 995 Harum,
791 889 947 999 quibus
982 890 1025 980 in
1046 873 1357 991 testimonium,
1393 895 1539 970 nostra
1572 880 1840 996 presentibus
1880 885 2019 998 sigilla

371 1026 470 1104 sunt
491 1036 691 1124 appensa.
722 1010 884 1095 Datum
915 1005 1162 1090 Sandomr'rr'c
1197 1003 1302 1089 feria
1336 1005 1469 1090 tercia
1503 1005 1694 1116 proxima
1733 1013 1832 1116 post
1866 1001 2018 1089 festum

369 1133 607 1246 Epiphania
631 1130 799 1232 domini,
821 1155 931 1212 anno
953 1126 1137 1209 eiusdem
1169 1125 1385 1210 millesimo
1422 1125 1837 1238 quadringentesimo
1859 1125 2020 1208 tricesi-

368 1281 450 1339 mo.
480 1247 753 1338 Presentibus
774 1248 855 1359 hijs
878 1246 1066 1348 dominis:
1114 1243 1322 1333 Grottonc
1358 1245 1411 1326 de
1449 1241 1629 1356 Slapcra,
1667 1241 1931 1331 Goworlrone
1967 1245 2020 1326 de

372 1367 619 1456 Corobrzani.
650 1367 830 1453 Derslao
861 1365 913 1449 de
934 1363 1154 1477 Lopotdno,
1189 1362 1386 1448 Joha'nne
1423 1365 1476 1446 de
1509 1361 1735 1470 Jaeoursoze,
1771 1359 1944 1447 Andrea
1967 1365 2021 1446 de

234 1589 237 1596 .
368 1491 537 1594 ibidem,
557 1488 795 1574 Laurencio
819 1487 873 1570 de
896 1483 1153 1598 Spipneuicze
1176 1481 1274 1598 (sic)
1294 1483 1521 1569 heredibus
1540 1501 1541 1505 '
1559 1491 1602 1566 et
1638 1483 1728 1593 alijs
1762 1481 1905 1567 multis
1933 1481 2020 1568 fide

369 1610 521 1721 dignis.
703 1649 705 1654 ·
961 1659 963 1666 ›
1879 1623 1889 1644 ·

457 2131 458 2136 ψ
1139 1939 1309 2094 cor

472 2237 840 2342 opulovmc-
854 2237 904 2326 rt.
930 2235 997 2320 15
1021 2233 1220 2317 mentis
1242 2177 1567 2317 necemus·
1578 2229 1730 2320 143⁰
1747 2253 1912 2318 anno.

364 2462 502 2536 liliam
526 2458 711 2570 tondiliani!
734 2457 828 2531 vilre
853 2449 977 2527 laete
1002 2453 1344 2642 d⁸thm⁰pmnpll⁰
1360 2454 1569 2536 Bmztnart,
1590 2471 1643 2546 ptr
1656 2453 1791 2528 lolliam
1805 2455 2017 2530 suncanto

462 2592 464 2597 ·
1091 2570 1155 2654 trac
1176 2582 1262 2648 occup
1324 2607 1332 2625 .

360 2822 363 2833 ·
468 2769 557 2855 Nos
579 2767 801 2852 lohannes
819 2766 871 2850 de
889 2766 1064 2878 Sprowa
1078 2765 1212 2876 judex
1234 2775 1277 2849 et
1297 2761 1514 2850 Zauissius
1543 2766 1594 2849 dc
1617 2760 1898 2850 Oleschnicza
1917 2767 2019 2850 sub·

364 2889 492 2975 iudex
511 2898 621 2972 terre
643 2886 1009 2988 Samdomiriensis
1027 2886 1260 2998 generales.
1295 2879 1594 2998 Significamus
1616 2895 1705 2976 tarn
1740 2886 2018 2996 presentibus

364 3037 494 3122 quam
514 3007 676 3113 futuris,
698 3006 854 3119 quibus
876 3007 1055 3118 expedit,
1075 3007 1340 3116 presencium
1361 3025 1443 3116 per
1456 3015 1658 3090 tenorem.
1697 3001 1919 3106 Quomodo
1941 3033 2017 3090 no·

362 3127 457 3214 bilis
479 3127 673 3212 Andreas
696 3127 751 3209 de
773 3125 1025 3210 Stracboczr'c
1045 3125 1165 3208 heres
1187 3151 1316 3209 sanus
1337 3125 1714 3236 menteparitcret
1735 3151 1908 3235 corpore
1930 3126 2017 3209 exi-

365 3257 496 3355 stens,
517 3274 603 3332 non
625 3245 877 3356 compulsus,
897 3270 982 3328 non
1003 3253 1192 3350 coactus,
1214 3273 1293 3329 nec
1311 3244 1453 3355 aliquo
1478 3251 1614 3329 errore
1629 3245 1843 3350 seductus,
1864 3244 1942 3329 sed
1963 3245 2017 3328 de

361 3364 475 3451 bona
495 3367 713 3452 voluntate
734 3392 813 3448 sua
833 3361 981 3446 ffretus
1003 3362 1099 3477 (sic)
1124 3365 1258 3448 eciam
1278 3362 1435 3447 salubri
1457 3365 1637 3449 consilio¹
1659 3391 1829 3450 suorum
1859 3365 2017 3450 amico·
2061 3473 2063 3478 Ι

362 3513 456 3568 rum
477 3486 535 3570 ad
554 3494 742 3569 nostram
761 3483 1024 3594 presenciam
1046 3485 1288 3569 accedendo
1309 3483 1585 3592 personaliter
1619 3485 1883 3594 recognouit
1914 3513 2018 3570 ven-

364 3603 522 3688 didisse
538 3603 677 3688 villam
702 3603 857 3685 dictam
879 3599 1044 3712 Zirnr'lry
1067 3631 1162 3686 cum
1185 3605 1297 3688 omni
1311 3605 1407 3715 jure
1429 3612 1472 3684 et
1494 3602 1690 3708 dominio;
1708 3631 1805 3685 cum
1822 3604 2015 3689 omnibus

362 3733 405 3806 et
426 3723 603 3835 singulis
626 3720 887 3825 utilitatibus
908 3719 1128 3823 fructibus,
1151 3722 1363 3827 censibus,
1386 3723 1513 3834 agris,
1534 3723 1707 3831 campis,
1743 3725 1886 3840 pratis,
1916 3749 2017 3834 pas-

361 3843 464 3945 cuis,
487 3842 614 3946 siluis,
634 3841 781 3944 borris,
803 3839 1032 3951 mellificijs,
1054 3843 1233 3943 mericis,
1257 3843 1378 3953 gaijs,
1408 3841 1580 3956 rubetis,
1603 3842 2016 3952 piscinispiscarijs,

360 3960 513 4070 fluuijs‚
535 3961 654 4064 riuis,
677 3964 800 4072 aquis
824 3971 867 4042 et
888 3989 1029 4044 carum
1056 3961 1304 4045 decursibus
1327 3990 1379 4044 ac
1401 3963 1639 4073 attinencijs
1675 3964 1892 4066 uniuersis,
1931 3987 2015 4072 que

359 4107 475 4164 nunc
496 4090 607 4185 sunt,
630 4087 674 4162 et
693 4079 734 4159 in
755 4079 970 4188 posterur'n
1002 4077 1093 4160 fieri
1113 4089 1310 4187 possunt
1336 4089 1461 4190 prout
1498 4081 1612 4164 dicta
1648 4079 1896 4165 hereditatis
1918 4079 2015 4196 (sic)

359 4201 403 4282 in
424 4201 511 4284 suis
534 4199 681 4312 signis,
703 4198 825 4280 metis
847 4207 890 4279 et
909 4195 1140 4299 liminibus,
1172 4196 1315 4310 longe,
1344 4200 1518 4310 lateque
1549 4229 1599 4282 ac
1621 4200 2016 4286 circumferenciali·

361 4328 424 4401 ter
446 4331 511 4403 est
527 4317 726 4402 distincta
744 4317 799 4401 ab
822 4315 914 4425 alijs
935 4312 1241 4399 hereditatibus
1263 4327 1307 4399 et
1327 4317 1516 4424 limitata,
1547 4318 1677 4404 veluti
1712 4321 1829 4406 solus
1864 4319 2015 4406 habuit
2045 4387 2050 4396 ,

363 4447 406 4520 et
424 4438 624 4557 possedit,
645 4436 774 4522 nichil
791 4437 837 4519 in
857 4435 1004 4522 eodem
1020 4435 1262 4522 vhereditate
1283 4463 1358 4548 pro
1380 4427 1432 4521 se
1447 4447 1491 4522 et
1510 4466 1587 4550 pro
1607 4441 1694 4524 suis
1715 4440 1895 4551 posteris
1906 4440 2013 4551 juris

416 4757 418 4761 ¹
466 4674 503 4751 (ι)
527 4672 580 4738 nx
609 4671 760 4760 osgnan
782 4669 894 4738 aaran
922 4671 955 4738 sn
982 4670 1128 4738 archivo
1160 4669 1303 4758 Capituli
1333 4641 1602 4742 vrassavnnss
1630 4682 1814 4754 assensa,
1841 4674 2015 4763 caespes
2118 4653 2122 4663 '

363 4753 589 4824 Muczlrowslri
603 4768 635 4823 et
651 4757 910 4843 Rayszczewslri.
931 4757 1021 4824 ¹Duo
1037 4757 1145 4844 sigilla
1160 4765 1261 4822 erant.
1298 4757 1406 4824 Hodie
1422 4769 1546 4828 restant
1560 4769 1691 4842 tanturn
1713 4759 1875 4828 taeniolae
1889 4781 2011 4848 parga-

361 4863 483 4908 menae.
502 4839 597 4908 Cous.
612 4841 757 4909 tabulam
771 4841 855 4922 hauc
878 4865 953 4910 curn
967 4842 1114 4930 proxime
1128 4843 1357 4932 praecedento.
1825 4868 1827 4876 ¹
