<?xml version="1.0" encoding="UTF-8"?>
<!DOCTYPE html PUBLIC "-//W3C//DTD XHTML 1.0 Transitional//EN"
    "http://www.w3.org/TR/xhtml1/DTD/xhtml1-transitional.dtd">
<html xmlns="http://www.w3.org/1999/xhtml" xml:lang="en" lang="en">
 <head>
  <title>
</title>
<meta http-equiv="Content-Type" content="text/html;charset=utf-8" />
  <meta name='ocr-system' content='tesseract 3.04.00' />
  <meta name='ocr-capabilities' content='ocr_page ocr_carea ocr_par ocr_line ocrx_word'/>
</head>
<body>
  <div class='ocr_page' id='page_1' title='image "./codexdiplomatic00bartgoog_0361.png"; bbox 0 0 4822 5924; ppageno 0'>
   <div class='ocr_carea' id='block_1_1' title="bbox 984 685 1402 781">
    <p class='ocr_par' dir='ltr' id='par_1_1' title="bbox 984 685 1402 781">
     <span class='ocr_line' id='line_1_1' title="bbox 984 685 1402 781; baseline -0.007 0"><span class='ocrx_word' id='word_1_1' title='bbox 984 745 1031 761; x_wconf 91' lang='lat'>-</span> <span class='ocrx_word' id='word_1_2' title='bbox 1084 707 1162 781; x_wconf 79' lang='grc' dir='ltr'>ιιι.</span> <span class='ocrx_word' id='word_1_3' title='bbox 1212 731 1266 760; x_wconf 85' lang='grc'>--</span> <span class='ocrx_word' id='word_1_4' title='bbox 1397 685 1402 694; x_wconf 86' lang='grc'><strong><em>’</em></strong></span> 
     </span>
    </p>
   </div>
   <div class='ocr_carea' id='block_1_2' title="bbox 195 906 2112 4715">
    <p class='ocr_par' dir='ltr' id='par_1_2' title="bbox 302 906 2112 4236">
     <span class='ocr_line' id='line_1_2' title="bbox 304 906 1949 1025; baseline -0.001 -27"><span class='ocrx_word' id='word_1_5' title='bbox 304 909 595 1025; x_wconf 88' lang='lat' dir='ltr'>colligendum.</span> <span class='ocrx_word' id='word_1_6' title='bbox 618 919 661 994; x_wconf 89' lang='lat' dir='ltr'>et</span> <span class='ocrx_word' id='word_1_7' title='bbox 679 906 904 994; x_wconf 90' lang='lat' dir='ltr'>recollecta</span> <span class='ocrx_word' id='word_1_8' title='bbox 923 911 964 991; x_wconf 93' lang='lat' dir='ltr'>in</span> <span class='ocrx_word' id='word_1_9' title='bbox 986 910 1132 996; x_wconf 88' lang='lat' dir='ltr'>horreo</span> <span class='ocrx_word' id='word_1_10' title='bbox 1168 909 1468 1022; x_wconf 86' lang='lat' dir='ltr'>reponendum.</span> <span class='ocrx_word' id='word_1_11' title='bbox 1503 919 1544 991; x_wconf 93' lang='lat' dir='ltr'>et</span> <span class='ocrx_word' id='word_1_12' title='bbox 1565 909 1691 992; x_wconf 86' lang='lat' dir='ltr'>alium</span> <span class='ocrx_word' id='word_1_13' title='bbox 1714 915 1769 998; x_wconf 91' lang='lat' dir='ltr'>ad</span> <span class='ocrx_word' id='word_1_14' title='bbox 1789 913 1949 998; x_wconf 86' lang='lat' dir='ltr'>falcan-</span> 
     </span>
     <span class='ocr_line' id='line_1_3' title="bbox 304 1029 1950 1140; baseline 0 -24"><span class='ocrx_word' id='word_1_15' title='bbox 304 1035 415 1116; x_wconf 90' lang='lat' dir='ltr'>dum.</span> <span class='ocrx_word' id='word_1_16' title='bbox 452 1030 608 1113; x_wconf 86' lang='lat' dir='ltr'>falcata</span> <span class='ocrx_word' id='word_1_17' title='bbox 645 1029 1005 1140; x_wconf 80' lang='lat' dir='ltr'>congregandum.</span> <span class='ocrx_word' id='word_1_18' title='bbox 1030 1040 1071 1112; x_wconf 89' lang='lat' dir='ltr'>et</span> <span class='ocrx_word' id='word_1_19' title='bbox 1088 1031 1234 1116; x_wconf 85' lang='lat' dir='ltr'>debito</span> <span class='ocrx_word' id='word_1_20' title='bbox 1257 1029 1395 1114; x_wconf 87' lang='lat' dir='ltr'>mode.</span> <span class='ocrx_word' id='word_1_21' title='bbox 1418 1031 1461 1110; x_wconf 93' lang='lat' dir='ltr'>in</span> <span class='ocrx_word' id='word_1_22' title='bbox 1482 1029 1634 1112; x_wconf 89' lang='lat' dir='ltr'>allodio</span> <span class='ocrx_word' id='word_1_23' title='bbox 1673 1033 1950 1116; x_wconf 90' lang='lat' dir='ltr'>ordinandum</span> 
     </span>
     <span class='ocr_line' id='line_1_4' title="bbox 302 1148 1951 1258; baseline 0 -24"><span class='ocrx_word' id='word_1_24' title='bbox 302 1155 386 1236; x_wconf 88' lang='lat' dir='ltr'>sint</span> <span class='ocrx_word' id='word_1_25' title='bbox 406 1152 585 1254; x_wconf 84' lang='lat' dir='ltr'>astricti,</span> <span class='ocrx_word' id='word_1_26' title='bbox 615 1149 711 1240; x_wconf 86' lang='lat' dir='ltr'>Hoc</span> <span class='ocrx_word' id='word_1_27' title='bbox 742 1160 883 1230; x_wconf 91' lang='lat' dir='ltr'>tamen</span> <span class='ocrx_word' id='word_1_28' title='bbox 915 1149 1093 1234; x_wconf 84' lang='lat' dir='ltr'>adiecto.</span> <span class='ocrx_word' id='word_1_29' title='bbox 1118 1152 1349 1258; x_wconf 89' lang='lat' dir='ltr'>quodcum</span> <span class='ocrx_word' id='word_1_30' title='bbox 1371 1148 1640 1256; x_wconf 88' lang='lat' dir='ltr'>personaliter</span> <span class='ocrx_word' id='word_1_31' title='bbox 1661 1177 1743 1233; x_wconf 84' lang='lat' dir='ltr'>nos</span> <span class='ocrx_word' id='word_1_32' title='bbox 1761 1161 1834 1234; x_wconf 90' lang='lat' dir='ltr'>aut</span> <span class='ocrx_word' id='word_1_33' title='bbox 1856 1181 1951 1234; x_wconf 90' lang='lat' dir='ltr'>sue-</span> 
     </span>
     <span class='ocr_line' id='line_1_5' title="bbox 303 1267 1950 1404; baseline -0.001 -50"><span class='ocrx_word' id='word_1_34' title='bbox 303 1297 491 1354; x_wconf 88' lang='lat' dir='ltr'>cessores</span> <span class='ocrx_word' id='word_1_35' title='bbox 528 1277 705 1388; x_wconf 83' lang='lat' dir='ltr'>nostroe.</span> <span class='ocrx_word' id='word_1_36' title='bbox 742 1296 826 1353; x_wconf 87' lang='lat' dir='ltr'>vna</span> <span class='ocrx_word' id='word_1_37' title='bbox 861 1295 976 1350; x_wconf 87' lang='lat' dir='ltr'>cum.</span> <span class='ocrx_word' id='word_1_38' title='bbox 993 1268 1159 1376; x_wconf 82' lang='lat' dir='ltr'>Incolis,</span> <span class='ocrx_word' id='word_1_39' title='bbox 1198 1271 1298 1352; x_wconf 88' lang='lat' dir='ltr'>dicti</span> <span class='ocrx_word' id='word_1_40' title='bbox 1319 1267 1459 1404; x_wconf 82' lang='lat' dir='ltr'>Regni</span> <span class='ocrx_word' id='word_1_41' title='bbox 1480 1267 1663 1386; x_wconf 84' lang='lat' dir='ltr'>Polonie.</span> <span class='ocrx_word' id='word_1_42' title='bbox 1687 1271 1742 1351; x_wconf 91' lang='lat' dir='ltr'>ad</span> <span class='ocrx_word' id='word_1_43' title='bbox 1764 1270 1950 1380; x_wconf 85' lang='lat' dir='ltr'>aliquam</span> 
     </span>
     <span class='ocr_line' id='line_1_6' title="bbox 304 1369 1950 1500; baseline 0 -28"><span class='ocrx_word' id='word_1_44' title='bbox 304 1389 545 1500; x_wconf 82' lang='lat' dir='ltr'>generalem</span> <span class='ocrx_word' id='word_1_45' title='bbox 582 1371 686 1496; x_wconf 80' lang='lat' dir='ltr'>expe</span> <span class='ocrx_word' id='word_1_46' title='bbox 664 1383 908 1469; x_wconf 80' lang='lat' dir='ltr'>edicionem</span> <span class='ocrx_word' id='word_1_47' title='bbox 948 1369 1245 1470; x_wconf 84' lang='lat' dir='ltr'>extlimitesra</span> <span class='ocrx_word' id='word_1_48' title='bbox 1268 1379 1485 1497; x_wconf 83' lang='lat' dir='ltr'>Regniue</span> <span class='ocrx_word' id='word_1_49' title='bbox 1503 1375 1772 1497; x_wconf 85' lang='lat' dir='ltr'>contingerit.</span> <span class='ocrx_word' id='word_1_50' title='bbox 1798 1399 1950 1472; x_wconf 84' lang='lat' dir='ltr'>extunc</span> 
     </span>
     <span class='ocr_line' id='line_1_7' title="bbox 304 1503 1951 1622; baseline 0.002 -32"><span class='ocrx_word' id='word_1_51' title='bbox 304 1509 367 1599; x_wconf 88' lang='lat' dir='ltr'>ab</span> <span class='ocrx_word' id='word_1_52' title='bbox 374 1507 617 1622; x_wconf 78' lang='lat' dir='ltr'>hpminibus</span> <span class='ocrx_word' id='word_1_53' title='bbox 639 1534 726 1612; x_wconf 82' lang='lat' dir='ltr'>seu</span> <span class='ocrx_word' id='word_1_54' title='bbox 713 1503 1051 1618; x_wconf 83' lang='lat' dir='ltr'>iobagionibus.</span> <span class='ocrx_word' id='word_1_55' title='bbox 1058 1509 1237 1621; x_wconf 78' lang='lat' dir='ltr'>predict</span> <span class='ocrx_word' id='word_1_56' title='bbox 1215 1507 1435 1592; x_wconf 83' lang='lat' dir='ltr'>tiMonast</span> <span class='ocrx_word' id='word_1_57' title='bbox 1419 1505 1529 1614; x_wconf 83' lang='lat' dir='ltr'>terij‚</span> <span class='ocrx_word' id='word_1_58' title='bbox 1551 1533 1627 1616; x_wconf 91' lang='lat' dir='ltr'>pro</span> <span class='ocrx_word' id='word_1_59' title='bbox 1649 1508 1835 1604; x_wconf 87' lang='lat' dir='ltr'>nobist</span> <span class='ocrx_word' id='word_1_60' title='bbox 1794 1517 1835 1590; x_wconf 87' lang='lat' dir='ltr'>et</span> <span class='ocrx_word' id='word_1_61' title='bbox 1846 1537 1951 1612; x_wconf 85' lang='lat' dir='ltr'>suc-</span> 
     </span>
     <span class='ocr_line' id='line_1_8' title="bbox 304 1597 1953 1732; baseline 0.001 -23"><span class='ocrx_word' id='word_1_62' title='bbox 304 1597 541 1711; x_wconf 70' lang='lat' dir='ltr'>caesoribus</span> <span class='ocrx_word' id='word_1_63' title='bbox 577 1625 741 1707; x_wconf 82' lang='lat' dir='ltr'>nostrie.</span> <span class='ocrx_word' id='word_1_64' title='bbox 779 1625 884 1709; x_wconf 87' lang='lat' dir='ltr'>carit</span> <span class='ocrx_word' id='word_1_65' title='bbox 885 1633 929 1722; x_wconf 74' lang='lat' dir='ltr'>at</span> <span class='ocrx_word' id='word_1_66' title='bbox 926 1626 1044 1720; x_wconf 84' lang='lat' dir='ltr'>iuum</span> <span class='ocrx_word' id='word_1_67' title='bbox 1075 1627 1305 1711; x_wconf 84' lang='lat' dir='ltr'>subsidium</span> <span class='ocrx_word' id='word_1_68' title='bbox 1338 1625 1451 1709; x_wconf 85' lang='lat' dir='ltr'>licite</span> <span class='ocrx_word' id='word_1_69' title='bbox 1469 1623 1798 1732; x_wconf 79' lang='lat' dir='ltr'>postulabimus,</span> <span class='ocrx_word' id='word_1_70' title='bbox 1819 1605 1953 1710; x_wconf 89' lang='lat' dir='ltr'>Dum-</span> 
     </span>
     <span class='ocr_line' id='line_1_9' title="bbox 305 1741 1955 1854; baseline 0.001 -26"><span class='ocrx_word' id='word_1_71' title='bbox 305 1748 429 1830; x_wconf 89' lang='lat' dir='ltr'>modo</span> <span class='ocrx_word' id='word_1_72' title='bbox 450 1745 548 1828; x_wconf 90' lang='lat' dir='ltr'>talis</span> <span class='ocrx_word' id='word_1_73' title='bbox 571 1744 777 1854; x_wconf 87' lang='lat' dir='ltr'>generalis</span> <span class='ocrx_word' id='word_1_74' title='bbox 811 1745 1039 1852; x_wconf 85' lang='lat' dir='ltr'>expedicio</span> <span class='ocrx_word' id='word_1_75' title='bbox 1071 1773 1193 1827; x_wconf 89' lang='lat' dir='ltr'>suum</span> <span class='ocrx_word' id='word_1_76' title='bbox 1215 1747 1429 1828; x_wconf 86' lang='lat' dir='ltr'>sortiretur</span> <span class='ocrx_word' id='word_1_77' title='bbox 1451 1741 1668 1847; x_wconf 82' lang='lat' dir='ltr'>effectum,</span> <span class='ocrx_word' id='word_1_78' title='bbox 1691 1743 1877 1851; x_wconf 72' lang='lat' dir='ltr'>sivero,</span> <span class='ocrx_word' id='word_1_79' title='bbox 1899 1749 1955 1830; x_wconf 92' lang='grc' dir='ltr'>ιιι</span> 
     </span>
     <span class='ocr_line' id='line_1_10' title="bbox 305 1861 1955 1977; baseline 0 -29"><span class='ocrx_word' id='word_1_80' title='bbox 305 1864 493 1977; x_wconf 71' lang='lat' dir='ltr'>aliquam</span> <span class='ocrx_word' id='word_1_81' title='bbox 510 1865 638 1958; x_wconf 78' lang='lat' dir='ltr'>talem</span> <span class='ocrx_word' id='word_1_82' title='bbox 663 1863 976 1972; x_wconf 79' lang='lat' dir='ltr'>expedicionem</span> <span class='ocrx_word' id='word_1_83' title='bbox 1008 1863 1248 1974; x_wconf 81' lang='lat' dir='ltr'>generalem</span> <span class='ocrx_word' id='word_1_84' title='bbox 1270 1865 1462 1948; x_wconf 85' lang='lat' dir='ltr'>edictam.</span> <span class='ocrx_word' id='word_1_85' title='bbox 1486 1861 1610 1944; x_wconf 78' lang='lat' dir='ltr'>fuerit</span> <span class='ocrx_word' id='word_1_86' title='bbox 1629 1866 1889 1972; x_wconf 87' lang='lat' dir='ltr'>postulatum</span> <span class='ocrx_word' id='word_1_87' title='bbox 1912 1879 1955 1948; x_wconf 88' lang='lat' dir='ltr'>et</span> 
     </span>
     <span class='ocr_line' id='line_1_11' title="bbox 303 1981 1956 2094; baseline -0.001 -27"><span class='ocrx_word' id='word_1_88' title='bbox 303 1983 535 2094; x_wconf 79' lang='lat' dir='ltr'>receptum</span> <span class='ocrx_word' id='word_1_89' title='bbox 556 1984 842 2084; x_wconf 78' lang='grc' dir='ltr'>οἰιιιιιιιιιιιιι·Ι</span> <span class='ocrx_word' id='word_1_90' title='bbox 858 1981 1116 2064; x_wconf 69' lang='lat' dir='ltr'>subsidium.</span> <span class='ocrx_word' id='word_1_91' title='bbox 1140 2012 1216 2092; x_wconf 85' lang='lat' dir='ltr'>per</span> <span class='ocrx_word' id='word_1_92' title='bbox 1236 2010 1312 2065; x_wconf 89' lang='lat' dir='ltr'>nes</span> <span class='ocrx_word' id='word_1_93' title='bbox 1337 1991 1664 2067; x_wconf 84' lang='lat' dir='ltr'>etsuccessores</span> <span class='ocrx_word' id='word_1_94' title='bbox 1699 1991 1877 2066; x_wconf 88' lang='lat' dir='ltr'>nostros.</span> <span class='ocrx_word' id='word_1_95' title='bbox 1911 1997 1956 2067; x_wconf 87' lang='lat' dir='ltr'>et</span> 
     </span>
     <span class='ocr_line' id='line_1_12' title="bbox 307 2101 1955 2211; baseline -0.001 -25"><span class='ocrx_word' id='word_1_96' title='bbox 307 2104 449 2211; x_wconf 88' lang='lat' dir='ltr'>aliquo</span> <span class='ocrx_word' id='word_1_97' title='bbox 472 2129 574 2186; x_wconf 87' lang='lat' dir='ltr'>casu</span> <span class='ocrx_word' id='word_1_98' title='bbox 595 2101 1000 2210; x_wconf 77' lang='lat' dir='ltr'>seu&#39;lnpedimenlo.</span> <span class='ocrx_word' id='word_1_99' title='bbox 1036 2102 1189 2182; x_wconf 87' lang='lat' dir='ltr'>eadem·</span> <span class='ocrx_word' id='word_1_100' title='bbox 1213 2102 1441 2210; x_wconf 84' lang='lat' dir='ltr'>expedicio.</span> <span class='ocrx_word' id='word_1_101' title='bbox 1473 2128 1556 2185; x_wconf 91' lang='lat' dir='ltr'>non</span> <span class='ocrx_word' id='word_1_102' title='bbox 1588 2102 1864 2186; x_wconf 79' lang='lat' dir='ltr'>deduceretur</span> <span class='ocrx_word' id='word_1_103' title='bbox 1899 2105 1955 2184; x_wconf 87' lang='lat' dir='ltr'>ad</span> 
     </span>
     <span class='ocr_line' id='line_1_13' title="bbox 304 2219 1954 2334; baseline -0.002 -28"><span class='ocrx_word' id='word_1_104' title='bbox 304 2223 444 2306; x_wconf 73' lang='lat' dir='ltr'>finem.</span> <span class='ocrx_word' id='word_1_105' title='bbox 467 2221 815 2330; x_wconf 83' lang='lat' dir='ltr'>seualioquouis</span> <span class='ocrx_word' id='word_1_106' title='bbox 837 2220 1250 2329; x_wconf 37' lang='lat' dir='ltr'>modovinp&#39;ediretur,</span> <span class='ocrx_word' id='word_1_107' title='bbox 1270 2225 1423 2302; x_wconf 83' lang='lat' dir='ltr'>extunc</span> <span class='ocrx_word' id='word_1_108' title='bbox 1439 2219 1674 2328; x_wconf 80' lang='lat' dir='ltr'>profutura</span> <span class='ocrx_word' id='word_1_109' title='bbox 1695 2233 1739 2302; x_wconf 90' lang='lat' dir='ltr'>et</span> <span class='ocrx_word' id='word_1_110' title='bbox 1760 2227 1954 2334; x_wconf 84' lang='lat' dir='ltr'>sequenti</span> 
     </span>
     <span class='ocr_line' id='line_1_14' title="bbox 307 2339 1955 2450; baseline -0.002 -22"><span class='ocrx_word' id='word_1_111' title='bbox 307 2339 434 2428; x_wconf 82' lang='lat' dir='ltr'>simili</span> <span class='ocrx_word' id='word_1_112' title='bbox 463 2340 744 2450; x_wconf 82' lang='lat' dir='ltr'>expedicione.</span> <span class='ocrx_word' id='word_1_113' title='bbox 781 2339 910 2422; x_wconf 81' lang='lat' dir='ltr'>nichil</span> <span class='ocrx_word' id='word_1_114' title='bbox 944 2342 1110 2448; x_wconf 87' lang='lat' dir='ltr'>penitus</span> <span class='ocrx_word' id='word_1_115' title='bbox 1134 2339 1488 2444; x_wconf 74' lang='lat' dir='ltr'>deredebebunt,</span> <span class='ocrx_word' id='word_1_116' title='bbox 1510 2341 1589 2419; x_wconf 83' lang='lat' dir='ltr'>nisi</span> <span class='ocrx_word' id='word_1_117' title='bbox 1608 2341 1722 2449; x_wconf 89' lang='lat' dir='ltr'>prius</span> <span class='ocrx_word' id='word_1_118' title='bbox 1746 2343 1858 2424; x_wconf 86' lang='lat' dir='ltr'>dicta</span> <span class='ocrx_word' id='word_1_119' title='bbox 1878 2371 1955 2450; x_wconf 89' lang='lat' dir='ltr'>pe-</span> 
     </span>
     <span class='ocr_line' id='line_1_15' title="bbox 307 2455 1954 2572; baseline -0.002 -25"><span class='ocrx_word' id='word_1_120' title='bbox 307 2464 443 2547; x_wconf 61' lang='lat' dir='ltr'>cunius</span> <span class='ocrx_word' id='word_1_121' title='bbox 465 2457 933 2570; x_wconf 66' lang='lat' dir='ltr'>proexpedicioneatali</span> <span class='ocrx_word' id='word_1_122' title='bbox 954 2457 1150 2569; x_wconf 85' lang='lat' dir='ltr'>generali.</span> <span class='ocrx_word' id='word_1_123' title='bbox 1173 2457 1297 2540; x_wconf 88' lang='lat' dir='ltr'>fuerit</span> <span class='ocrx_word' id='word_1_124' title='bbox 1316 2487 1390 2566; x_wconf 84' lang='lat' dir='ltr'>per</span> <span class='ocrx_word' id='word_1_125' title='bbox 1411 2459 1545 2540; x_wconf 89' lang='lat' dir='ltr'>dictos</span> <span class='ocrx_word' id='word_1_126' title='bbox 1566 2460 1729 2545; x_wconf 87' lang='lat' dir='ltr'>nobiles</span> <span class='ocrx_word' id='word_1_127' title='bbox 1752 2455 1954 2572; x_wconf 84' lang='lat' dir='ltr'>exposita.</span> 
     </span>
     <span class='ocr_line' id='line_1_16' title="bbox 310 2577 1962 2688; baseline 0 -26"><span class='ocrx_word' id='word_1_128' title='bbox 310 2577 820 2670; x_wconf 59' lang='lat' dir='ltr'>etdeseruitass&#39;zslmiliter</span> <span class='ocrx_word' id='word_1_129' title='bbox 852 2586 993 2659; x_wconf 86' lang='lat' dir='ltr'>autem</span> <span class='ocrx_word' id='word_1_130' title='bbox 1017 2579 1298 2660; x_wconf 84' lang='lat' dir='ltr'>caritatiuum.</span> <span class='ocrx_word' id='word_1_131' title='bbox 1323 2577 1556 2661; x_wconf 83' lang='lat' dir='ltr'>subsidium</span> <span class='ocrx_word' id='word_1_132' title='bbox 1576 2579 1898 2688; x_wconf 83' lang='lat' dir='ltr'>postulabimus.</span> <span class='ocrx_word' id='word_1_133' title='bbox 1919 2583 1962 2664; x_wconf 86' lang='lat' dir='ltr'>si·</span> 
     </span>
     <span class='ocr_line' id='line_1_17' title="bbox 309 2697 1996 2810; baseline -0.001 -27"><span class='ocrx_word' id='word_1_134' title='bbox 309 2697 542 2810; x_wconf 73' lang='lat' dir='ltr'>aequando</span> <span class='ocrx_word' id='word_1_135' title='bbox 562 2698 706 2780; x_wconf 80' lang='lat' dir='ltr'>filiurn.</span> <span class='ocrx_word' id='word_1_136' title='bbox 721 2697 808 2800; x_wconf 81' lang='lat' dir='ltr'>e‘eu&#39;</span> <span class='ocrx_word' id='word_1_137' title='bbox 825 2697 952 2789; x_wconf 81' lang='lat' dir='ltr'>filiam</span> <span class='ocrx_word' id='word_1_138' title='bbox 971 2707 1170 2780; x_wconf 75' lang='lat' dir='ltr'>nostram¹</span> <span class='ocrx_word' id='word_1_139' title='bbox 1189 2698 1396 2778; x_wconf 85' lang='lat' dir='ltr'>maritare.</span> <span class='ocrx_word' id='word_1_140' title='bbox 1416 2705 1492 2779; x_wconf 84' lang='lat' dir='ltr'>aut</span> <span class='ocrx_word' id='word_1_141' title='bbox 1519 2701 1696 2807; x_wconf 83' lang='lat' dir='ltr'>nupcias</span> <span class='ocrx_word' id='word_1_142' title='bbox 1719 2725 1793 2808; x_wconf 90' lang='lat' dir='ltr'>pro</span> <span class='ocrx_word' id='word_1_143' title='bbox 1813 2699 1960 2784; x_wconf 88' lang='lat' dir='ltr'>liberis</span> <span class='ocrx_word' id='word_1_144' title='bbox 1992 2699 1996 2704; x_wconf 75' lang='grc'><strong>’</strong></span> 
     </span>
     <span class='ocr_line' id='line_1_18' title="bbox 309 2813 1954 2927; baseline -0.001 -22"><span class='ocrx_word' id='word_1_145' title='bbox 309 2815 564 2904; x_wconf 70' lang='lat' dir='ltr'>nostriseel</span> <span class='ocrx_word' id='word_1_146' title='bbox 583 2838 853 2900; x_wconf 81' lang='lat' dir='ltr'>successores</span> <span class='ocrx_word' id='word_1_147' title='bbox 872 2817 1003 2904; x_wconf 78' lang='lat' dir='ltr'>nostri</span> <span class='ocrx_word' id='word_1_148' title='bbox 1023 2845 1097 2927; x_wconf 91' lang='lat' dir='ltr'>pro</span> <span class='ocrx_word' id='word_1_149' title='bbox 1118 2817 1304 2925; x_wconf 90' lang='lat' dir='ltr'>ipsorum</span> <span class='ocrx_word' id='word_1_150' title='bbox 1339 2813 1542 2898; x_wconf 83' lang='lat' dir='ltr'>faciemus</span> <span class='ocrx_word' id='word_1_151' title='bbox 1576 2845 1656 2901; x_wconf 85' lang='lat' dir='ltr'>seu</span> <span class='ocrx_word' id='word_1_152' title='bbox 1695 2817 1864 2902; x_wconf 83' lang='lat' dir='ltr'>facient.</span> <span class='ocrx_word' id='word_1_153' title='bbox 1886 2823 1954 2904; x_wconf 88' lang='lat' dir='ltr'>vel</span> 
     </span>
     <span class='ocr_line' id='line_1_19' title="bbox 308 2933 2012 3051; baseline -0.001 -28"><span class='ocrx_word' id='word_1_154' title='bbox 308 2933 422 3051; x_wconf 78' lang='lat' dir='ltr'>ipsos</span> <span class='ocrx_word' id='word_1_155' title='bbox 446 2965 535 3037; x_wconf 69' lang='lat' dir='ltr'>peu</span> <span class='ocrx_word' id='word_1_156' title='bbox 569 2936 747 3018; x_wconf 88' lang='lat' dir='ltr'>alterum</span> <span class='ocrx_word' id='word_1_157' title='bbox 772 2964 928 3032; x_wconf 63' lang='lat' dir='ltr'>‘eorum</span> <span class='ocrx_word' id='word_1_158' title='bbox 963 2937 1153 3020; x_wconf 84' lang='lat' dir='ltr'>coronari</span> <span class='ocrx_word' id='word_1_159' title='bbox 1173 2935 1229 3017; x_wconf 87' lang='lat' dir='ltr'>ad</span> <span class='ocrx_word' id='word_1_160' title='bbox 1249 2961 1446 3018; x_wconf 89' lang='lat' dir='ltr'>coronam</span> <span class='ocrx_word' id='word_1_161' title='bbox 1468 2935 1566 3016; x_wconf 87' lang='lat' dir='ltr'>dieti</span> <span class='ocrx_word' id='word_1_162' title='bbox 1588 2936 1729 3048; x_wconf 82' lang='lat' dir='ltr'>Regni</span> <span class='ocrx_word' id='word_1_163' title='bbox 1757 2941 1957 3024; x_wconf 88' lang='lat' dir='ltr'>acciderit</span> <span class='ocrx_word' id='word_1_164' title='bbox 2009 3036 2012 3045; x_wconf 23' lang='grc'>1</span> 
     </span>
     <span class='ocr_line' id='line_1_20' title="bbox 311 3054 1956 3168; baseline 0.004 -30"><span class='ocrx_word' id='word_1_165' title='bbox 311 3059 607 3168; x_wconf 66' lang='grc' dir='ltr'>ιιιιιιιιιιιιιιι,Ι</span> <span class='ocrx_word' id='word_1_166' title='bbox 622 3057 811 3140; x_wconf 86' lang='lat' dir='ltr'>homines</span> <span class='ocrx_word' id='word_1_167' title='bbox 832 3083 931 3139; x_wconf 81' lang='lat' dir='ltr'>vero</span> <span class='ocrx_word' id='word_1_168' title='bbox 952 3063 1030 3137; x_wconf 84' lang='lat' dir='ltr'>seu</span> <span class='ocrx_word' id='word_1_169' title='bbox 1049 3055 1317 3166; x_wconf 84' lang='lat' dir='ltr'>iobagionas.</span> <span class='ocrx_word' id='word_1_170' title='bbox 1337 3054 1576 3164; x_wconf 85' lang='lat' dir='ltr'>Monasterij</span> <span class='ocrx_word' id='word_1_171' title='bbox 1597 3056 1789 3165; x_wconf 77' lang='lat' dir='ltr'>predicti.</span> <span class='ocrx_word' id='word_1_172' title='bbox 1810 3085 1884 3168; x_wconf 91' lang='lat' dir='ltr'>pro</span> <span class='ocrx_word' id='word_1_173' title='bbox 1907 3084 1956 3144; x_wconf 90' lang='lat' dir='ltr'>eo</span> 
     </span>
     <span class='ocr_line' id='line_1_21' title="bbox 310 3169 2112 3296; baseline -0.001 -32"><span class='ocrx_word' id='word_1_174' title='bbox 310 3169 542 3264; x_wconf 79' lang='lat' dir='ltr'>subsidium</span> <span class='ocrx_word' id='word_1_175' title='bbox 579 3175 862 3258; x_wconf 77' lang='lat' dir='ltr'>caritatiuum</span> <span class='ocrx_word' id='word_1_176' title='bbox 893 3179 971 3283; x_wconf 84' lang='lat' dir='ltr'>p&#39;er</span> <span class='ocrx_word' id='word_1_177' title='bbox 1003 3177 1143 3258; x_wconf 90' lang='lat' dir='ltr'>omnia</span> <span class='ocrx_word' id='word_1_178' title='bbox 1162 3182 1359 3283; x_wconf 78' lang='lat' dir='ltr'>utsupra</span> <span class='ocrx_word' id='word_1_179' title='bbox 1392 3173 1657 3258; x_wconf 75' lang='lat' dir='ltr'>tenebuntur.</span> <span class='ocrx_word' id='word_1_180' title='bbox 1683 3177 1781 3260; x_wconf 83' lang='lat' dir='ltr'>dare</span> <span class='ocrx_word' id='word_1_181' title='bbox 1806 3189 1846 3261; x_wconf 89' lang='lat' dir='ltr'>et</span> <span class='ocrx_word' id='word_1_182' title='bbox 1868 3182 1977 3278; x_wconf 86' lang='lat' dir='ltr'>sine</span> <span class='ocrx_word' id='word_1_183' title='bbox 2089 3215 2112 3296; x_wconf 63' lang='lat' dir='ltr'>J</span> 
     </span>
     <span class='ocr_line' id='line_1_22' title="bbox 310 3291 2088 3408; baseline -0.001 -28"><span class='ocrx_word' id='word_1_184' title='bbox 310 3295 649 3381; x_wconf 72' lang='lat' dir='ltr'>contradicemus</span> <span class='ocrx_word' id='word_1_185' title='bbox 671 3295 906 3403; x_wconf 82' lang='lat' dir='ltr'>assignare,</span> <span class='ocrx_word' id='word_1_186' title='bbox 928 3291 1129 3376; x_wconf 87' lang='lat' dir='ltr'>Volumus</span> <span class='ocrx_word' id='word_1_187' title='bbox 1153 3295 1289 3375; x_wconf 85' lang='lat' dir='ltr'>eciam</span> <span class='ocrx_word' id='word_1_188' title='bbox 1306 3295 1423 3376; x_wconf 85' lang='lat' dir='ltr'>etex</span> <span class='ocrx_word' id='word_1_189' title='bbox 1443 3293 1595 3376; x_wconf 85' lang='lat' dir='ltr'>innata</span> <span class='ocrx_word' id='word_1_190' title='bbox 1618 3295 1740 3380; x_wconf 85' lang='lat' dir='ltr'>nobie</span> <span class='ocrx_word' id='word_1_191' title='bbox 1763 3297 1958 3408; x_wconf 89' lang='lat' dir='ltr'>benigni·</span> <span class='ocrx_word' id='word_1_192' title='bbox 2011 3363 2022 3403; x_wconf 63' lang='lat'>.</span> <span class='ocrx_word' id='word_1_193' title='bbox 2051 3297 2088 3408; x_wconf 77' lang='lat' dir='ltr'>s&#39;</span> 
     </span>
     <span class='ocr_line' id='line_1_23' title="bbox 308 3411 2073 3526; baseline -0.001 -24"><span class='ocrx_word' id='word_1_194' title='bbox 308 3423 398 3502; x_wconf 77' lang='lat' dir='ltr'>sate</span> <span class='ocrx_word' id='word_1_195' title='bbox 417 3413 678 3498; x_wconf 81' lang='lat' dir='ltr'>decernimus</span> <span class='ocrx_word' id='word_1_196' title='bbox 698 3419 895 3519; x_wconf 82' lang='lat' dir='ltr'>pretextu</span> <span class='ocrx_word' id='word_1_197' title='bbox 908 3411 1190 3522; x_wconf 84' lang='lat' dir='ltr'>recolligende</span> <span class='ocrx_word' id='word_1_198' title='bbox 1205 3413 1398 3520; x_wconf 88' lang='lat' dir='ltr'>pecunie.</span> <span class='ocrx_word' id='word_1_199' title='bbox 1413 3416 1548 3497; x_wconf 86' lang='lat' dir='ltr'>nullus</span> <span class='ocrx_word' id='word_1_200' title='bbox 1565 3414 1830 3498; x_wconf 81' lang='lat' dir='ltr'>Rotariorum</span> <span class='ocrx_word' id='word_1_201' title='bbox 1848 3416 1926 3526; x_wconf 89' lang='lat' dir='ltr'>(sic</span> <span class='ocrx_word' id='word_1_202' title='bbox 2043 3413 2046 3418; x_wconf 68' lang='grc'><strong>’</strong></span> <span class='ocrx_word' id='word_1_203' title='bbox 2068 3489 2073 3500; x_wconf 88' lang='grc'><strong><em>,</em></strong></span> 
     </span>
     <span class='ocr_line' id='line_1_24' title="bbox 311 3529 1976 3644; baseline -0.003 -22"><span class='ocrx_word' id='word_1_204' title='bbox 311 3561 398 3622; x_wconf 87' lang='lat' dir='ltr'>seu</span> <span class='ocrx_word' id='word_1_205' title='bbox 405 3533 542 3618; x_wconf 82' lang='lat' dir='ltr'>eciam</span> <span class='ocrx_word' id='word_1_206' title='bbox 563 3531 903 3630; x_wconf 79' lang='lat' dir='ltr'>ministerialium</span> <span class='ocrx_word' id='word_1_207' title='bbox 911 3530 1119 3638; x_wconf 82' lang='lat' dir='ltr'>quitquid</span> <span class='ocrx_word' id='word_1_208' title='bbox 1141 3529 1238 3644; x_wconf 89' lang='lat' dir='ltr'>(sic)</span> <span class='ocrx_word' id='word_1_209' title='bbox 1259 3531 1404 3639; x_wconf 84' lang='lat' dir='ltr'>exigat</span> <span class='ocrx_word' id='word_1_210' title='bbox 1424 3535 1500 3614; x_wconf 88' lang='lat' dir='ltr'>seu</span> <span class='ocrx_word' id='word_1_211' title='bbox 1519 3531 1706 3642; x_wconf 88' lang='lat' dir='ltr'>requirat</span> <span class='ocrx_word' id='word_1_212' title='bbox 1728 3535 1808 3616; x_wconf 86' lang='lat' dir='ltr'>nisi</span> <span class='ocrx_word' id='word_1_213' title='bbox 1828 3553 1976 3617; x_wconf 85' lang='lat' dir='ltr'>vnum</span> 
     </span>
     <span class='ocr_line' id='line_1_25' title="bbox 312 3646 1955 3791; baseline 0.001 -54"><span class='ocrx_word' id='word_1_214' title='bbox 312 3677 523 3776; x_wconf 87' lang='lat' dir='ltr'>grossum</span> <span class='ocrx_word' id='word_1_215' title='bbox 521 3651 580 3730; x_wconf 82' lang='lat' dir='ltr'>de</span> <span class='ocrx_word' id='word_1_216' title='bbox 596 3647 790 3786; x_wconf 81' lang='lat' dir='ltr'>qualibet</span> <span class='ocrx_word' id='word_1_217' title='bbox 807 3649 944 3732; x_wconf 82' lang='lat' dir='ltr'>villa</span> <span class='ocrx_word' id='word_1_218' title='bbox 958 3646 1055 3730; x_wconf 89' lang='lat' dir='ltr'>Pret</span> <span class='ocrx_word' id='word_1_219' title='bbox 1037 3655 1101 3730; x_wconf 89' lang='lat' dir='ltr'>ter</span> <span class='ocrx_word' id='word_1_220' title='bbox 1131 3657 1273 3730; x_wconf 86' lang='lat' dir='ltr'>autem</span> <span class='ocrx_word' id='word_1_221' title='bbox 1302 3651 1522 3791; x_wconf 24' lang='lat' dir='ltr'>premisstsa</span> <span class='ocrx_word' id='word_1_222' title='bbox 1541 3651 1679 3732; x_wconf 90' lang='lat' dir='ltr'>nichil</span> <span class='ocrx_word' id='word_1_223' title='bbox 1699 3655 1877 3736; x_wconf 92' lang='lat' dir='ltr'>omnino.</span> <span class='ocrx_word' id='word_1_224' title='bbox 1901 3653 1955 3739; x_wconf 89' lang='lat' dir='ltr'>ab</span> 
     </span>
     <span class='ocr_line' id='line_1_26' title="bbox 311 3765 2082 3906; baseline 0 -53"><span class='ocrx_word' id='word_1_225' title='bbox 311 3767 524 3859; x_wconf 80' lang='lat' dir='ltr'>Ecclesia</span> <span class='ocrx_word' id='word_1_226' title='bbox 538 3765 718 3856; x_wconf 85' lang='lat' dir='ltr'>Monast</span> <span class='ocrx_word' id='word_1_227' title='bbox 687 3768 824 3877; x_wconf 88' lang='lat' dir='ltr'>terije</span> <span class='ocrx_word' id='word_1_228' title='bbox 825 3765 1106 3851; x_wconf 77' lang='grc' dir='ltr'>ιΟοιιιιιιιιιιιε</span> <span class='ocrx_word' id='word_1_229' title='bbox 1147 3765 1426 3906; x_wconf 77' lang='lat' dir='ltr'>predictorum</span> <span class='ocrx_word' id='word_1_230' title='bbox 1447 3767 1492 3848; x_wconf 92' lang='lat' dir='ltr'>in</span> <span class='ocrx_word' id='word_1_231' title='bbox 1514 3767 1756 3854; x_wconf 81' lang='lat' dir='ltr'>Stunontlzlrr&#39;.</span> <span class='ocrx_word' id='word_1_232' title='bbox 1791 3768 1959 3856; x_wconf 77' lang='lat' dir='ltr'>Sancti..</span> <span class='ocrx_word' id='word_1_233' title='bbox 2078 3809 2082 3818; x_wconf 62' lang='lat'><strong><em>¹</em></strong></span> 
     </span>
     <span class='ocr_line' id='line_1_27' title="bbox 313 3797 1958 4001; baseline 0 -25"><span class='ocrx_word' id='word_1_234' title='bbox 313 3883 574 3976; x_wconf 89' lang='lat' dir='ltr'>monialium.</span> <span class='ocrx_word' id='word_1_235' title='bbox 571 3887 666 3971; x_wconf 78' lang='lat' dir='ltr'>rel</span> <span class='ocrx_word' id='word_1_236' title='bbox 673 3797 910 3972; x_wconf 73' lang='lat' dir='ltr'>horninibus</span> <span class='ocrx_word' id='word_1_237' title='bbox 932 3895 993 3968; x_wconf 88' lang='lat' dir='ltr'>et</span> <span class='ocrx_word' id='word_1_238' title='bbox 990 3891 1189 4001; x_wconf 89' lang='lat' dir='ltr'>personis</span> <span class='ocrx_word' id='word_1_239' title='bbox 1201 3885 1445 3971; x_wconf 87' lang='lat' dir='ltr'>eorundem</span> <span class='ocrx_word' id='word_1_240' title='bbox 1467 3887 1658 3972; x_wconf 76' lang='lat' dir='ltr'>volumus</span> <span class='ocrx_word' id='word_1_241' title='bbox 1680 3892 1860 4001; x_wconf 83' lang='lat' dir='ltr'>exigere.</span> <span class='ocrx_word' id='word_1_242' title='bbox 1883 3923 1958 3976; x_wconf 90' lang='lat' dir='ltr'>seu</span> 
     </span>
     <span class='ocr_line' id='line_1_28' title="bbox 316 4003 1958 4149; baseline 0 -54"><span class='ocrx_word' id='word_1_243' title='bbox 316 4007 572 4149; x_wconf 69' lang='lat' dir='ltr'>erto&#39;rquere.</span> <span class='ocrx_word' id='word_1_244' title='bbox 585 4007 823 4118; x_wconf 84' lang='lat' dir='ltr'>lnquorum</span> <span class='ocrx_word' id='word_1_245' title='bbox 836 4003 937 4144; x_wconf 30' lang='lat' dir='ltr'>(si-c)</span> <span class='ocrx_word' id='word_1_246' title='bbox 950 4008 1132 4090; x_wconf 87' lang='lat' dir='ltr'>omnium</span> <span class='ocrx_word' id='word_1_247' title='bbox 1153 4006 1436 4089; x_wconf 86' lang='lat' dir='ltr'>testimonium</span> <span class='ocrx_word' id='word_1_248' title='bbox 1455 4019 1673 4116; x_wconf 86' lang='lat' dir='ltr'>presentes</span> <span class='ocrx_word' id='word_1_249' title='bbox 1694 4010 1741 4092; x_wconf 91' lang='lat' dir='ltr'>lit</span> <span class='ocrx_word' id='word_1_250' title='bbox 1723 4019 1852 4094; x_wconf 82' lang='lat' dir='ltr'>tteras</span> <span class='ocrx_word' id='word_1_251' title='bbox 1867 4013 1958 4097; x_wconf 89' lang='lat' dir='ltr'>fieri</span> 
     </span>
     <span class='ocr_line' id='line_1_29' title="bbox 314 4121 1957 4236; baseline -0.001 -22"><span class='ocrx_word' id='word_1_252' title='bbox 314 4132 520 4214; x_wconf 81' lang='lat' dir='ltr'>iussimus.</span> <span class='ocrx_word' id='word_1_253' title='bbox 543 4134 586 4206; x_wconf 85' lang='lat' dir='ltr'>et</span> <span class='ocrx_word' id='word_1_254' title='bbox 607 4125 745 4236; x_wconf 83' lang='lat' dir='ltr'>Sigilli</span> <span class='ocrx_word' id='word_1_255' title='bbox 766 4127 896 4210; x_wconf 84' lang='lat' dir='ltr'>nostri</span> <span class='ocrx_word' id='word_1_256' title='bbox 918 4121 1121 4208; x_wconf 80' lang='lat' dir='ltr'>autentici</span> <span class='ocrx_word' id='word_1_257' title='bbox 1140 4125 1366 4208; x_wconf 89' lang='lat' dir='ltr'>munimine</span> <span class='ocrx_word' id='word_1_258' title='bbox 1386 4125 1586 4209; x_wconf 81' lang='lat' dir='ltr'>roborari.</span> <span class='ocrx_word' id='word_1_259' title='bbox 1624 4127 1790 4212; x_wconf 83' lang='lat' dir='ltr'>Actum</span> <span class='ocrx_word' id='word_1_260' title='bbox 1814 4125 1957 4214; x_wconf 85' lang='lat' dir='ltr'>Croco-</span> 
     </span>
    </p>

    <p class='ocr_par' dir='ltr' id='par_1_3' title="bbox 195 4243 1935 4358">
     <span class='ocr_line' id='line_1_30' title="bbox 195 4243 1935 4358; baseline 0.002 -28"><span class='ocrx_word' id='word_1_261' title='bbox 195 4327 206 4354; x_wconf 24' lang='grc' dir='ltr'>χ</span> <span class='ocrx_word' id='word_1_262' title='bbox 314 4249 376 4331; x_wconf 77' lang='lat' dir='ltr'>aa</span> <span class='ocrx_word' id='word_1_263' title='bbox 396 4249 448 4328; x_wconf 72' lang='lat' dir='ltr'>in:</span> <span class='ocrx_word' id='word_1_264' title='bbox 458 4246 642 4327; x_wconf 86' lang='lat' dir='ltr'>crastino</span> <span class='ocrx_word' id='word_1_265' title='bbox 662 4243 791 4328; x_wconf 87' lang='lat' dir='ltr'>beate</span> <span class='ocrx_word' id='word_1_266' title='bbox 810 4245 878 4328; x_wconf 85' lang='lat' dir='ltr'>Ka</span> <span class='ocrx_word' id='word_1_267' title='bbox 881 4245 1040 4327; x_wconf 88' lang='lat' dir='ltr'>therine</span> <span class='ocrx_word' id='word_1_268' title='bbox 1061 4245 1241 4356; x_wconf 86' lang='lat' dir='ltr'>virginis</span> <span class='ocrx_word' id='word_1_269' title='bbox 1254 4273 1276 4324; x_wconf 87' lang='lat' dir='ltr'>e</span> <span class='ocrx_word' id='word_1_270' title='bbox 1279 4243 1435 4328; x_wconf 88' lang='lat' dir='ltr'>tMart</span> <span class='ocrx_word' id='word_1_271' title='bbox 1408 4247 1494 4329; x_wconf 85' lang='lat' dir='ltr'>tuis</span> <span class='ocrx_word' id='word_1_272' title='bbox 1516 4245 1717 4358; x_wconf 87' lang='lat' dir='ltr'>gloriose,</span> <span class='ocrx_word' id='word_1_273' title='bbox 1740 4247 1861 4333; x_wconf 85' lang='lat' dir='ltr'>Anno</span> <span class='ocrx_word' id='word_1_274' title='bbox 1883 4251 1935 4333; x_wconf 92' lang='lat' dir='ltr'>do</span> 
     </span>
    </p>

    <p class='ocr_par' dir='ltr' id='par_1_4' title="bbox 313 4359 1936 4476">
     <span class='ocr_line' id='line_1_31' title="bbox 313 4359 1936 4476; baseline -0.001 -24"><span class='ocrx_word' id='word_1_275' title='bbox 313 4359 426 4476; x_wconf 83' lang='lat' dir='ltr'>mini.</span> <span class='ocrx_word' id='word_1_276' title='bbox 435 4363 676 4448; x_wconf 84' lang='grc' dir='ltr'>·Μιιιιιιιιιο.</span> <span class='ocrx_word' id='word_1_277' title='bbox 698 4363 1028 4457; x_wconf 82' lang='lat' dir='ltr'>Trecentesimo.</span> <span class='ocrx_word' id='word_1_278' title='bbox 1060 4359 1379 4476; x_wconf 85' lang='lat' dir='ltr'>Octuagesimo.¹</span> <span class='ocrx_word' id='word_1_279' title='bbox 1397 4365 1549 4449; x_wconf 88' lang='lat' dir='ltr'>Primo.</span> <span class='ocrx_word' id='word_1_280' title='bbox 1594 4365 1682 4448; x_wconf 90' lang='lat' dir='ltr'>Dat</span> <span class='ocrx_word' id='word_1_281' title='bbox 1665 4373 1752 4448; x_wconf 79' lang='lat' dir='ltr'>tu&#39;m</span> <span class='ocrx_word' id='word_1_282' title='bbox 1772 4397 1847 4475; x_wconf 90' lang='lat' dir='ltr'>per</span> <span class='ocrx_word' id='word_1_283' title='bbox 1866 4395 1936 4450; x_wconf 91' lang='lat' dir='ltr'>ma</span> 
     </span>
    </p>

    <p class='ocr_par' dir='ltr' id='par_1_5' title="bbox 315 4297 2085 4715">
     <span class='ocr_line' id='line_1_32' title="bbox 315 4297 2085 4634; baseline 0.001 -65"><span class='ocrx_word' id='word_1_284' title='bbox 315 4511 407 4570; x_wconf 87' lang='lat' dir='ltr'>nus</span> <span class='ocrx_word' id='word_1_285' title='bbox 430 4480 680 4567; x_wconf 83' lang='lat' dir='ltr'>venerabilis</span> <span class='ocrx_word' id='word_1_286' title='bbox 705 4482 792 4565; x_wconf 85' lang='lat' dir='ltr'>viri</span> <span class='ocrx_word' id='word_1_287' title='bbox 827 4481 1036 4567; x_wconf 77' lang='lat' dir='ltr'>Johannis</span> <span class='ocrx_word' id='word_1_288' title='bbox 1072 4482 1291 4594; x_wconf 81' lang='lat' dir='ltr'>Rodlicye.</span> <span class='ocrx_word' id='word_1_289' title='bbox 1343 4481 1634 4592; x_wconf 79' lang='lat' dir='ltr'>Cancellarij</span> <span class='ocrx_word' id='word_1_290' title='bbox 1573 4487 1797 4634; x_wconf 81' lang='lat' dir='ltr'>Jsupremi</span> <span class='ocrx_word' id='word_1_291' title='bbox 1785 4297 2085 4634; x_wconf 38' lang='lat' dir='ltr'>Regu}&lt;</span> 
     </span>
     <span class='ocr_line' id='line_1_33' title="bbox 316 4595 1324 4715; baseline -0.007 -26"><span class='ocrx_word' id='word_1_292' title='bbox 316 4595 446 4692; x_wconf 77' lang='lat' dir='ltr'>ubstri</span> <span class='ocrx_word' id='word_1_293' title='bbox 465 4600 636 4686; x_wconf 82' lang='lat' dir='ltr'>P-olonie</span> <span class='ocrx_word' id='word_1_294' title='bbox 657 4600 839 4709; x_wconf 87' lang='lat' dir='ltr'>predicti.</span> <span class='ocrx_word' id='word_1_295' title='bbox 853 4599 1019 4715; x_wconf 72' lang='lat'>(¹)</span> <span class='ocrx_word' id='word_1_296' title='bbox 1319 4635 1324 4641; x_wconf 95' lang='lat'>·</span> 
     </span>
    </p>
   </div>
   <div class='ocr_carea' id='block_1_3' title="bbox 421 4833 1891 4939">
    <p class='ocr_par' dir='ltr' id='par_1_6' title="bbox 421 4833 1891 4939">
     <span class='ocr_line' id='line_1_34' title="bbox 421 4833 1891 4939; baseline 0.008 -20"><span class='ocrx_word' id='word_1_297' title='bbox 421 4853 459 4938; x_wconf 63' lang='grc' dir='ltr'>(ι)</span> <span class='ocrx_word' id='word_1_298' title='bbox 481 4851 630 4921; x_wconf 76' lang='lat' dir='ltr'>loannes</span> <span class='ocrx_word' id='word_1_299' title='bbox 642 4849 709 4934; x_wconf 84' lang='lat' dir='ltr'>hic,</span> <span class='ocrx_word' id='word_1_300' title='bbox 724 4847 823 4938; x_wconf 84' lang='lat' dir='ltr'>vulgo</span> <span class='ocrx_word' id='word_1_301' title='bbox 838 4849 936 4918; x_wconf 73' lang='lat' dir='ltr'>Jan‘e</span> <span class='ocrx_word' id='word_1_302' title='bbox 947 4851 1095 4939; x_wconf 59' lang='lat' dir='ltr'>uacua,</span> <span class='ocrx_word' id='word_1_303' title='bbox 1113 4833 1199 4920; x_wconf 79' lang='lat' dir='ltr'>anno</span> <span class='ocrx_word' id='word_1_304' title='bbox 1213 4853 1300 4919; x_wconf 74' lang='lat'>1382·</span> <span class='ocrx_word' id='word_1_305' title='bbox 1306 4854 1375 4938; x_wconf 85' lang='lat' dir='ltr'>jam</span> <span class='ocrx_word' id='word_1_306' title='bbox 1388 4851 1450 4916; x_wconf 80' lang='lat' dir='ltr'>fuit</span> <span class='ocrx_word' id='word_1_307' title='bbox 1464 4833 1639 4939; x_wconf 87' lang='lat' dir='ltr'>episcopus</span> <span class='ocrx_word' id='word_1_308' title='bbox 1656 4839 1891 4930; x_wconf 70' lang='lat' dir='ltr'>Crecevieuels·</span> 
     </span>
    </p>
   </div>
   <div class='ocr_carea' id='block_1_4' title="bbox 0 0 2423 5924">
    <p class='ocr_par' dir='ltr' id='par_1_7' title="bbox 0 0 2423 5924">
     <span class='ocr_line' id='line_1_35' title="bbox 0 0 2423 5924; baseline 0 0"><span class='ocrx_word' id='word_1_309' title='bbox 0 0 2423 5924; x_wconf 95' lang='lat' dir='ltr'> </span> 
     </span>
    </p>
   </div>
  </div>
 </body>
</html>
