4856 5932
1057 689 1326 760 -ool-

364 889 484 971 cione
516 890 666 974 habita
695 889 909 974 relaxandi
941 899 984 972 et
1015 892 1276 976 absoluendi.
1338 893 1395 976 st
1414 892 1585 1000 insuper
1606 885 1791 998 prefatos
1813 916 2016 1008 procura·

362 1019 508 1112 torem,
530 1010 950 1118 viceprocuratorem,
972 1037 1022 1092 ae
1045 1013 1230 1096 seniores
1252 1021 1429 1114 sutores,
1453 1031 1681 1116 eorumque
1718 1010 2019 1092 comunitatem

361 1151 437 1238 pro
460 1138 650 1238 tempore
673 1129 931 1266 existentem,
954 1158 979 1211 a
1000 1130 1213 1215 solucione
1237 1132 1324 1213 dict
1307 1140 1443 1212 tarum
1465 1127 1649 1210 sedecim
1665 1153 1899 1208 marcarum
1918 1158 2016 1211 cen-

361 1273 433 1328 sus
457 1248 596 1350 annui,
619 1249 681 1330 sic
700 1256 749 1328 ut
768 1247 1017 1356 promissum
1040 1259 1103 1330 est
1105 1310 1114 1352 ,
1143 1277 1219 1358 per
1239 1277 1316 1334 nos
1337 1248 1495 1332 vendit'
1465 1255 1509 1348 tr,
1544 1246 1709 1328 interim
1732 1272 1817 1358 quo
1839 1251 2016 1357 reempti

358 1392 444 1448 non
465 1363 618 1450 fuerint
637 1365 759 1450 nobis
781 1375 824 1448 et
845 1365 1139 1450 succesoribus
1161 1370 1315 1454 nostris
1337 1367 1532 1451 sacranda
1543 1365 1786 1447 drmrttrmus
1810 1372 1852 1446 et
1834 1363 2014 1448 tabsol-

272 1477 277 1486 ’
359 1485 510 1588 nimus,
558 1513 610 1570 ac
640 1485 879 1596 quittatos
878 1491 921 1567 et
951 1483 1170 1571 absolutos
1203 1513 1297 1570 esse
1327 1487 1518 1572 volumus
1559 1513 1634 1594 per
1664 1491 1893 1594 presentes.
1946 1483 2015 1566 Ita

357 1612 516 1708 tamon,
560 1605 677 1714 quod
705 1604 806 1686 dum
847 1613 895 1686 et
918 1603 1090 1716 quando
1130 1607 1291 1690 dictum
1330 1605 1515 1692 Oensum
1559 1603 1742 1688 sedecim
1776 1629 2012 1685 marcarum

359 1723 563 1807 redimere
582 1735 625 1807 et
643 1751 828 1806 reemere
858 1724 1167 1828 voluerimus,
1156 1753 1294 1836 rpsum
1324 1724 1548 1810 Nicolaum
1577 1722 1819 1834 plebanum,
1851 1731 1925 1802 aut
1946 1723 2015 1804 cui

362 1843 639 1929 donacionem
681 1870 884 1926 censuum
916 1844 1199 1952 predictorum
1238 1843 1394 1948 fecerit,
1435 1841 1519 1928 Sex
1558 1840 1774 1926 mensibus
1808 1850 1918 1942 ante,
1962 1841 2014 1922 de

359 1963 454 2069 ipsa
483 1965 749 2073 reempcione
781 1963 943 2046 avisare
975 1961 1190 2049 debemus.
1254 1960 1469 2064 Quot
1380 1961 1494 2047 facto
1524 1960 1672 2045 licebit
1700 1957 1823 2044 nobis
1855 1969 1898 2040 et
1919 1987 2015 2041 suc-

360 2082 599 2166 cessoribus
628 2084 781 2166 nostris
808 2080 1058 2191 prelibatum
1101 2109 1285 2186 censum,
1325 2109 1401 2193 pro
1436 2082 1557 2165 simili
1591 2091 1635 2165 et
1663 2081 1830 2190 integra
1851 2104 2015 2160 summa

359 2200 687 2310 quingentorum
730 2202 984 2286 florenorum
1024 2201 1358 2312 hungaricalium
1400 2202 1489 2286 anri
1519 2198 1620 2286 boni
1652 2209 1694 2282 et
1721 2199 1822 2282 iusti
1850 2199 2011 2306 ponde-

340 2319 425 2432 ris,
458 2344 565 2426 quos
598 2319 652 2404 ab
685 2348 735 2406 eo
767 2321 956 2404 similiter
997 2321 1245 2430 recepimus,
1293 2331 1336 2404 et
1367 2347 1451 2404 non
1491 2321 1608 2404 aliter
1647 2345 1724 2430 pro
1765 2341 1850 2400 uno
1882 2316 2011 2397 semel

355 2437 398 2517 in
429 2467 579 2522 manus
610 2441 829 2524 memorati
858 2438 1021 2526 Nicolai
1051 2439 1225 2548 plebani
1255 2442 1502 2542 executoris,
1534 2451 1576 2521 et
1595 2461 1889 2544 successorum
1910 2461 2009 2517 suo·
2052 2459 2061 2482 ι

354 2583 459 2659 rum,
491 2557 648 2666 quibus
681 2558 955 2644 donacionem
987 2556 1136 2642 fecerit
1166 2558 1384 2661 Oraoowio
1422 2560 1665 2670 reponenda
1695 2565 1738 2640 et
1767 2553 2010 2665 persoluen-

225 2671 228 2678 ’
356 2673 422 2776 da,
455 2677 559 2759 dum.
588 2687 630 2760 st
661 2677 832 2785 quando
870 2677 1122 2763 voluerimus
1167 2689 1208 2760 et
1237 2679 1444 2788 placuerit
1483 2679 1688 2762 redimere
1728 2686 1771 2760 et
1810 2693 2007 2756 reamare.

353 2789 566 2908 Quodque
595 2799 687 2906 ipse
716 2798 915 2884 Nicolaus
948 2805 1023 2880 aut
1053 2823 1320 2884 successores
1350 2796 1482 2906 ipsius
1515 2797 1689 2882 debebit
1719 2805 1763 2880 et
1792 2791 2011 2877 debebunt

351 2911 491 2997 subici
519 2916 713 3025 periculis
747 2917 1091 3025 quandocunque
1123 2918 1417 3002 euenientibus
1457 2918 1576 3000 iuxta
1608 2913 1803 3004 naturam
1835 2921 1878 2996 et
1908 2937 2007 2994 con·

286 3102 291 3116 .
351 3043 533 3118 uacum
563 3035 854 3148 reempcionis‚
901 3036 1006 3119 alias
1038 3037 1096 3120 ad
1126 3038 1343 3121 arbitrium
1373 3034 1474 3120 boni
1503 3037 1581 3121 viri
1610 3035 1817 3139 taxaridis,
1854 3059 2007 3116 secun-

353 3155 541 3265 dumque
562 3153 770 3240 eiusdem
781 3183 933 3238 census
967 3157 1248 3264 quantitatem
1279 3167 1321 3238 et
1352 3155 1547 3240 valorem.
1611 3153 1747 3257 Quem
1768 3182 1845 3240 nos
1867 3154 2005 3260 ipsum

356 3283 399 3354 et
429 3300 696 3360 successores
721 3277 869 3384 ipsine,
902 3279 1126 3360 occasione
1147 3305 1350 3359 censuum
1378 3275 1663 3396 predictorum
1694 3277 1738 3358 in
1768 3272 1900 3358 verbo
1931 3298 2006 3354 no·

351 3401 438 3474 stro
468 3395 587 3503 regio
617 3393 887 3504 indempnem
916 3395 1105 3500 reddere,
1144 3403 1313 3506 present
1296 3395 1410 3478 tibus
1440 3377 1728 3504 promittimus
1762 3403 1804 3478 et
1833 3388 2012 3508 pollice-

351 3537 456 3594 mur.
487 3511 636 3596 harum
668 3511 823 3622 quibn's
854 3512 1038 3652 sigillum
1069 3525 1260 3598 nostrum
1291 3523 1355 3596 est
1366 3523 1656 3630 appensumt
1638 3510 1895 3598 testimonio·
1909 3499 2012 3588 lite-

348 3657 501 3714 rarum.
543 3631 700 3716 Actum
731 3641 775 3716 et
806 3633 991 3716 datum
979 3663 1024 3714 ιιι
1036 3631 1362 3745 Nyepolomycze
1391 3632 1496 3716 feria
1527 3635 1675 3745 quinta
1712 3639 1810 3740 post
1850 3625 2001 3710 festum

153 3723 158 3730 Ι
209 3831 217 3849 ,
350 3749 546 3892 Epifanie
587 3751 790 3864 proxima.
840 3751 964 3837 Anno
998 3739 1155 3836 domini
1183 3751 1403 3837 Millesimo
1436 3752 1980 3864 quadringentesimoo
1885 3755 2003 3830 octo-

351 3875 514 3984 gesimo
556 3897 678 3960 nono.
726 3870 999 3955 Presentibus
1041 3869 1199 3954 ibidem
1240 3870 1608 3956 Reuerendissimo
1640 3879 1683 3953 et
1712 3867 2000 3954 illustrissimo

248 4086 254 4098 ,
348 3993 538 4100 principe
571 3991 738 4076 domino
785 3988 1005 4076 ffrederico
1045 3989 1112 4072 dei
1154 3993 1299 4102 gracia
1336 3989 1484 4075 Electo
1517 3989 1776 4094 confirmato,
1808 3986 1999 4072 Ecclesie

349 4109 665 4214 Oracowiensis,
695 4110 1055 4224 Magnificisque
1052 4117 1095 4191 et
1077 4106 1354 4196 tGenerosis
1375 4108 1541 4193 Jacobo
1574 4110 1627 4192 de
1651 4108 1812 4192 dambuo
1834 4109 1939 4194 Oast
1922 4105 2000 4186 t-el

349 4347 396 4451 si,
429 4343 640 4432 Stanislao
673 4347 724 4430 de
757 4347 1046 4458 Sciydlowzecz
1086 4348 1358 4433 Radomiensi
1397 4357 1440 4430 et
1469 4347 1686 4456 Raphaele
1735 4346 1785 4428 de
1816 4341 1997 4427 Lesebuo
2053 4367 2086 4415 a
2177 4332 2193 4369 “’
2255 4361 2258 4370 ·

347 4228 444 4312 lano
479 4237 522 4308 et
550 4227 801 4338 Oapitaneo,
832 4229 1029 4314 dohanne
1060 4229 1189 4314 Amor
1221 4229 1275 4312 de
1306 4229 1499 4313 Thurnow
1527 4228 1714 4337 palatino
1737 4225 2108 4562 Oracowienp
2164 4302 2173 4326 ,

349 4463 649 4576 Spicimiriensi
681 4465 954 4573 Castellanis3
999 4477 1119 4577 petro
1152 4468 1204 4550 de
1233 4461 1499 4576 Caroswaulcy
1532 4461 1672 4576 Regni
1708 4463 1840 4548 nostri
1877 4459 2011 4548 Thes
2103 4468 2157 4609 J?

348 4585 551 4686 zaurario,
584 4582 794 4670 Stanislao
827 4585 879 4668 de
918 4583 1179 4696 Wptbowicrc
1211 4583 1444 4670 Sanocensi
1476 4583 1722 4693 Capitaneo,
1766 4566 2054 4692 (lampidur'l
2053 4620 2107 4740 &J

347 4717 464 4791 ctore
512 4703 696 4816 generali
737 4703 878 4816 Regni
924 4714 1018 4788 nost
1019 4705 1055 4788 ri
1094 4715 1135 4786 et
1173 4704 1263 4812 alijs
1221 4733 1435 4814 Jquam
1479 4700 1667 4811 pluribus
1698 4701 1880 4789 testrbus
1911 4702 1995 4784 fide

347 4825 501 4938 dignis.
532 4821 690 4907 Datum
722 4851 795 4932 per
825 4851 975 4907 manus
1007 4821 1267 4908 Venerabilis
1298 4821 1492 4933 Gregorij
1525 4822 1577 4906 de
1607 4817 1842 4911 Dudbruncz
1863 4817 1992 4908 Skar-
