4856 5932
1014 665 1290 746 ...333-

1062 1069 1254 1191 cxcvi.
1313 1141 1314 1146 κ
1408 1161 1412 1168 -

381 1331 471 1455 ¹ln
488 1325 700 1434 oppido
726 1319 1067 1414 naemu-u.
1084 1328 1159 1415 25
1176 1349 1317 1414 rnen.
1346 1328 1548 1433 apertu
1573 1325 1721 1418 142³
1739 1349 1904 1416 mano.

324 1548 618 1624 vladislaus
639 1548 862 1636 sagello,
885 1549 1026 1624 Paloura
1040 1491 1112 1639 ror,
1126 1549 1284 1641 privilegia
1297 1551 1331 1622 ct
1344 1549 1554 1628 innuuntur
1567 1530 1752 1624 monsterio
1773 1547 1859 1624 osu
1872 1547 1982 1624 tortis
2052 1499 2056 1507 .

616 1651 930 1744 comtempto,
945 1649 1261 1742 praedecesserunt,
1276 1653 1687 1748 concurrucontmrttt.
1895 1685 1898 1694 ·

425 1861 477 1947 In
497 1861 665 1946 nomine
689 1859 845 1984 domini
879 1889 1016 1944 amen.
1048 1859 1119 1946 Ad
1137 1869 1388 1973 perpetuam
1408 1863 1470 1947 rei
1489 1863 1744 1947 memoriam.
1778 1857 1981 1962 Quamvis
2079 1913 2081 1917 -

327 1981 512 2093 dignitas
534 1979 675 2094 Regia
695 2009 746 2062 ex
769 1987 989 2090 assumpto
1012 1979 1142 2074 oficio⁸
1159 1983 1345 2090 quodam
1379 1981 1521 2068 debito
1553 1981 1755 2093 singulari
1784 1988 1980 2064 teneatur

324 2101 588 2188 subditorum
609 2127 780 2184 suorum
808 2093 1028 2195 intendere
1060 2101 1305 2207 commodis,
1340 2101 1503 2186 illorum
1539 2111 1683 2187 tamen
1710 2101 1912 2210 precipue
1933 2125 1979 2181 se

323 2217 482 2305 fatetur
502 2221 641 2332 magis
665 2216 912 2302 debitricem
951 2245 1059 2330 quos
1088 2220 1234 2303 mundi
1270 2221 1405 2305 cernit
1441 2222 1632 2306 deserere
1670 2219 1840 2304 delicias
1861 2227 1904 2300 et
1924 2217 1989 2300 ad⁴
2088 2281 2095 2296 .

323 2341 470 2426 laudes
491 2339 714 2424 saluatoris
729 2347 896 2422 mentes
919 2337 1050 2449 digne
1074 2340 1453 2450 contemplacionis
1482 2341 1631 2424 studiis
1652 2337 1830 2423 elevare.
1875 2337 1980 2422 Pro-

322 2461 422 2546 inde
441 2488 519 2545 nos
541 2457 781 2562 Vladislaus
805 2458 873 2542 dei
895 2457 1041 2570 gracia
1061 2455 1153 2543 Rex
1172 2457 1348 2546 Polonie
1368 2488 1448 2542 nec
1468 2487 1554 2546 non
1573 2469 1777 2542 terrarum
1793 2454 1980 2543 Gracco-
2054 2509 2062 2526 ·

322 2579 390 2664 vie
411 2575 512 2696 (sic)
534 2575 809 2682 Sandomirie,
832 2575 1007 2680 Siradie,
1037 2577 1252 2682 Lancicie,
1283 2577 1499 2685 Ouiaviae,
1533 2578 1849 2689 Lithuanieque
1866 2576 1981 2688 prin·

323 2725 424 2809 ceps
447 2723 681 2808 supremus,
702 2695 961 2801 Pomeranie,
982 2695 1225 2809 Russieque
1262 2697 1456 2783 dominus
1475 2704 1517 2782 et
1532 2699 1666 2803 heres,
1688 2693 1979 2807 significamus

319 2826 467 2902 tenore
495 2817 761 2930 presencium
783 2817 937 2928 quibus
959 2817 1132 2927 expedit
1150 2817 1356 2902 vniuersis
1371 2816 1638 2928 presentibus
1655 2823 1699 2900 ct
1712 2813 1862 2899 firturis
1882 2839 1979 2926 pre-

321 2937 512 3021 sencium
532 2933 732 3022 noticiam
754 2934 976 3040 habituris,
1013 2935 1225 3050 quomodo
1258 2937 1314 3020 ad
1333 2945 1475 3022 nostre
1496 2937 1730 3020 maiestatis
1751 2931 1976 3018 'accedens

320 3057 586 3171 presenciam
604 3053 842 3166 relligiosus
878 3053 1008 3138 frater
1026 3055 1216 3141 nicolaus
1231 3053 1452 3140 Mnisszek
1488 3053 1706 3141 confessor
1725 3064 1768 3139 et
1786 3051 1981 3167 predica-

323 3187 391 3262 tor
410 3185 556 3262 noster
576 3176 755 3260 devotus
778 3175 957 3258 dilecurs
978 3184 1211 3259 conventus
1247 3175 1490 3260 monasterii
1524 3174 1663 3259 sancti
1699 3173 1848 3260 Orucis
1869 3171 1981 3256 calvi

202 3401 206 3411 ,
321 3297 479 3379 montis
490 3292 545 3408 (²)
558 3294 714 3380 ordinis
728 3295 866 3376 suncti
881 3292 1102 3377 Benedicti
1113 3294 1343 3404 quamdam
1358 3296 1523 3378 literam
1534 3311 1860 3409 pergameneam
1882 3293 1978 3376 dive

321 3415 520 3500 memorie
558 3413 714 3498 domini
752 3412 951 3498 Oazimiri
988 3412 1085 3498 olim
1121 3411 1254 3527 Regis
1289 3414 1461 3501 Polonie
1496 3415 1806 3525 predecessoris
1846 3414 1977 3495 nostri

319 3533 452 3646 ipsius
473 3531 613 3645 sigillo
633 3530 784 3616 minori
805 3531 1044 3644 sigillatam,
1065 3541 1277 3617 vetustate
1297 3537 1381 3617 iam
1405 3544 1710 3646 consumptam,
1733 3531 1845 3616 omni
1859 3555 1978 3638 pror·

319 3677 392 3738 sus
413 3652 523 3737 uicio
547 3659 590 3734 et
610 3651 850 3758 suspicione
873 3659 1097 3755 carentem,
1120 3652 1171 3734 de
1195 3660 1237 3734 et
1257 3679 1386 3763 super
1407 3655 1590 3737 omnium
1611 3651 1819 3736 bonorum
1842 3659 1884 3731 et
1897 3647 1977 3730 uil-

318 3772 452 3858 larum
471 3771 647 3855 claustri
668 3779 711 3852 et
726 3779 959 3854 conventus
975 3771 1263 3878 predictorum
1283 3771 1559 3856 libertacione
1575 3779 1618 3854 et
1634 3768 1902 3879 exemptione
1919 3765 1976 3852 ab

319 3889 624 3996 exactionibus,
644 3888 947 3996 solutionibus,
969 3888 1371 3996 restitutionibus,
1403 3889 1584 3993 tributis,
1614 3888 1811 3992 collectis,
1833 3915 1860 3970 a
1879 3886 1972 3998 sepi,

318 4039 476 4127 narrar,
507 4006 702 4122 poradlne
735 4008 965 4122 vulgariter
1013 4005 1250 4092 Crolr'ertlruo
1281 4010 1488 4115 uecturis,
1526 4009 1740 4113 ducturis,
1769 4003 1975 4120 poduodr's,

319 4157 534 4242 agrorum,
555 4138 783 4240 pratorum,
804 4130 1003 4213 messium
1024 4126 1137 4242 (sic),
1157 4130 1368 4238 poncium,
1388 4124 1620 4234 laboribus,
1641 4137 1684 4211 et
1704 4129 1759 4212 ab
1782 4123 1977 4210 omnibus

319 4249 516 4360 angariis,
536 4249 810 4360 preangariis,
830 4249 1036 4334 molestiis
1066 4249 1250 4332 omnium
1297 4246 1437 4360 Regni
1470 4245 1642 4334 Polonie
1677 4246 1977 4350 Palatinorum,
2052 4245 2054 4250 ’

320 4367 654 4474 castellanorum,
676 4365 1020 4479 Capitaneorum,
1035 4367 1242 4478 judicum,
1263 4367 1547 4470 subindicum,
1570 4380 1614 4450 et
1634 4363 1877 4476 quorumvis
1898 4359 1975 4448 ofi-

425 4569 464 4648 (¹)
486 4566 538 4634 Ex
550 4513 755 4666 'libio'rnanuu
765 4567 902 4666 scripto,
918 4568 958 4636 de
975 4570 1119 4668 quo'jam
1135 4589 1235 4656 supra
1249 4567 1341 4656 legas
1357 4567 1391 4633 in
1406 4565 1618 4665 annotatione
1631 4562 1674 4628 ad
1688 4561 1831 4628 tabulam
1845 4585 1894 4630 nr.
1912 4563 1973 4632 CV
2068 4591 2072 4598 ⁴

317 4677 400 4810 pape
409 4653 470 4718 231
479 4661 559 4718 tomr
570 4660 660 4716 tertn
671 4649 818 4730 Codrcrs,
832 4651 871 4719 ab
884 4651 1102 4720 rllustmssrmo
1118 4652 1231 4720 Leone
1239 4651 1491 4802 Rapsczewscro
1503 4645 1719 4750 apographon
1734 4647 1970 4738 depromptum.

348 4740 360 4807 i
400 4763 418 4805 r
431 4736 485 4803 hic
487 4735 672 4909 purrvilegia
686 4735 829 4804 civitatis
845 4736 1019 4826 Slupensis
1034 4736 1076 4802 ad
1090 4747 1234 4803 montem
1248 4735 1298 4806 Oa
1309 4759 1385 4804 vum
1400 4736 1494 4814 sitae,
1508 4757 1542 4800 m
1557 4757 1592 4801 ee
1608 4733 1765 4802 continet.

423 4823 464 4908 (²)

540 4847 577 4890 ru
588 4828 679 4912 pera,
697 4819 818 4890 Calvus
832 4823 942 4903 Mons,
959 4823 999 4890 de
1015 4842 1081 4906 quo
1095 4823 1163 4909 jam
1175 4814 1286 4909 supra.
