4952 5926
1075 726 1330 798 ...25-

412 927 608 1034 tionum,
629 937 674 1009 et
691 926 994 1038 undecumque
1014 923 1172 1007 liberae
1170 909 1338 1052 yffi
1358 924 1624 1030 conditionis,
1644 925 1822 1014 liberam
1843 936 1887 1010 ct
1902 930 2068 1022 omni··
2300 966 2314 994 ι

387 1104 391 1112 ‚
433 1045 605 1128 modam
624 1043 885 1146 sacriltatem,
922 1042 1205 1126 comedentes
1242 1041 1437 1126 omnibus
1460 1045 1534 1154 qui
1554 1045 1713 1132 ibidem
1733 1044 1862 1130 locati
1882 1043 2041 1127 fuerint

435 1189 566 1272 super
586 1163 709 1244 c'ultis
731 1190 808 1244 seu
829 1163 943 1272 agris
977 1161 1207 1268 extirpatis,
1244 1169 1341 1242 octo
1378 1187 1585 1247 annorum
1619 1163 1791 1249 libertat
1772 1172 1859 1249 tem
1894 1163 2042 1272 plena·
2055 1049 2078 1285 l

302 1297 307 1306 '
435 1281 554 1368 riam.
577 1309 604 1362 a
598 1280 796 1394 Census
812 1277 985 1362 datione
1009 1289 1051 1360 et
1071 1277 1126 1358 ab
1150 1275 1346 1360 omnibus
1362 1287 1452 1362 tam
1488 1279 1706 1388 ordinarijs
1739 1310 1876 1392 quam
1904 1289 2070 1367 extra·
2164 1309 2235 1357 s
2317 1307 2322 1324 ·

216 1421 220 1428 ’
435 1389 654 1508 ordinarijs
668 1397 836 1508 juribus
858 1407 901 1479 et
921 1395 1198 1478 solutionibus
1221 1395 1520 1507 qualicumque
1541 1395 1753 1484 uocabulo
1775 1407 2042 1502 censeantur

363 1507 366 1517 ’
436 1517 493 1600 ad
517 1518 756 1600 locandam
799 1513 1006 1625 siquidem
1052 1512 1350 1622 praehabitam
1393 1513 1625 1612 Ciuitatcm
1667 1517 1863 1614 addimus
1907 1516 2071 1599 eidem

382 1668 388 1678 ·
436 1633 665 1737 Withconi,
703 1635 908 1716 ducentos
939 1631 1084 1716 laneos
1119 1631 1423 1716 Franconi'cos
1443 1631 1621 1716 Ciuibus
1641 1661 1719 1741 per
1713 1573 2082 1772 agriculturaml

437 1752 678 1836 exercenda
699 1749 797 1862 (sic)
820 1761 863 1831 et
877 1749 1079 1832 habenda
1101 1745 1211 1861 (sic),
1234 1751 1286 1830 de
1308 1748 1465 1860 quibus
1485 1751 1622 1836 laneis
1644 1752 1853 1856 omnibus,
1876 1759 2043 1836 sextum
2066 1720 2073 1880 'J
2200 1785 2206 1794 ⁸

437 1897 645 1952 mansum
653 1869 843 1970 liberum,
866 1876 1030 1950 sextam
1052 1867 1223 1952 Ouriam
1246 1866 1444 1974 liberam,
1481 1877 1737 1978 sextumque
1773 1879 1910 1956 ortum
1933 1878 1977 1978 et
1996 1869 2071 1974 li-{
2158 1901 2166 1918 ·

345 2047 352 2058 ·
438 1988 591 2070 berum
624 2014 651 2068 a
677 1986 887 2080 solutione
921 1983 1102 2086 Oeneae,
1140 1995 1182 2067 et
1203 1983 1421 2068 exactione
1456 1985 1702 2100 praedictus
1738 1987 1910 2075 Withco
1948 1953 2074 2068 cumi

439 2107 526 2187 suis
545 2106 728 2213 posteris
748 2105 913 2186 r'atione
928 2103 1161 2208 locationis,
1184 2113 1226 2184 et
1247 2102 1512 2204 aduocatiae,
1530 2129 1659 2211 quam
1674 2105 1717 2186 in
1733 2105 1828 2214 ipsa
1844 2105 2044 2206 Ciuitate,
2072 2104 2079 2264 J

406 2255 408 2260 ·
439 2247 569 2334 quam
588 2223 805 2324 locauerit,
827 2219 933 2303 dure
954 2220 1234 2304 haereditario
1255 2219 1420 2304 tenebit
1453 2221 1765 2328 imperpetuum
1784 2220 1980 2330 pacifice,
2003 2233 2079 2302 ct
2196 2251 2206 2333 χ
2268 2255 2275 2316 ι

322 2411 326 2420 .
372 2363 377 2368 ·
440 2343 582 2451 quiete
603 2338 854 2450 possidebit.
886 2337 954 2420 De
976 2339 1134 2419 mensis
1166 2338 1340 2459 quidem
1371 2338 1507 2440 cultis,
1542 2337 1686 2424 euolut
1668 2346 1714 2420 ta
1743 2336 1942 2426 libertate
1975 2364 2081 2418 su·
2074 2325 2294 2502 (ff,
2258 2331 2316 2433 d,
2408 2401 2411 2406 .

231 2545 236 2553 ,
376 2561 378 2566 Α
438 2459 635 2568 predicta
656 2467 752 2540 octo
775 2483 994 2559 annorum,
1029 2455 1153 2538 nobis
1191 2445 1373 2539 cultores
1401 2483 1624 2566 agrorum,
1658 2483 1735 2563 per
1770 2467 1866 2542 octo
1903 2464 2090 2561 scotos
2418 2461 2421 2468 ‘

442 2579 610 2687 argenti
648 2574 879 2658 examinati
911 2574 1080 2657 soluen't
1116 2573 1169 2656 de
1193 2560 1385 2686 quolibet
1404 2599 1567 2656 manso.
1611 2571 1680 2656 De
1699 2571 1925 2660 noualibus
1946 2576 2089 2655 vcro

448 2703 492 2776 ct
509 2693 691 2794 incultis,
733 2693 919 2776 sedecim
943 2694 1064 2774 annis
1084 2691 1337 2794 libertatem,
1369 2721 1395 2774 a
1416 2691 1583 2776 Census
1619 2691 1856 2798 solutione,
1877 2701 1921 2776 et
1950 2717 2049 2776 exa·
2079 2702 2086 2806 ξ
2137 2777 2144 2797 Ι
2289 2772 2292 2781 ,

431 2810 584 2894 ‘ctione
621 2808 812 2923 qualibet
840 2791 1096 2914 retinebunt,
1118 2817 1162 2892 et
1182 2819 1574 2921 quantumcumque
1610 2809 1733 2894 nobis
1766 2810 1958 2920 expirata
1978 2809 2086 2891 ce-

442 2930 516 3012 det
533 2928 659 3034 libert
642 2937 742 3032 tate,
775 2927 828 3009 de
849 2928 1051 3040 quinque
1085 2931 1257 3032 mansis,
1292 2929 1544 3011 tantundem
1578 2925 1779 3012 Aduoeat
1761 2937 1829 3012 tus
1865 2896 2092 3030 Withco,l

306 3093 309 3106 ι
442 3075 539 3130 cum
560 3049 648 3130 suis
666 3047 863 3156 posteris,
885 3044 1254 3150 desextoMans'o,
1275 3045 1598 3152 sextsemiae
1600 3053 1758 3130 tscxto
1778 3047 1914 3159 hopto,
1936 3073 2050 3130 sem·
2074 3026 2096 3059 ⁸
2187 3095 2211 3120 ,ι

171 3243 186 3251 ,
334 3248 344 3265 ,
418 3193 518 3275 per
536 3167 745 3274 percipiet
764 3164 999 3248 solutionis·
1044 3163 1296 3247 Addimus
1285 3193 1459 3274 insuper
1481 3161 1657 3254 Ciuitati
1676 3173 1848 3255 nostrae
1884 3162 2052 3249 Sando-
2097 3231 2106 3238 .,

442 3283 629 3371 miriensi
650 3283 936 3394 supradictae,
957 3281 1110 3392 viginti
1129 3283 1275 3367 laneos
1298 3283 1488 3366 eiusdem
1517 3307 1742 3366 mensurae
1778 3281 2050 3368 franconicae
2094 3272 2099 3328 ²

445 3427 521 3508 pro
531 3401 715 3508 pascuis
736 3399 989 3483 animalibus
1024 3400 1242 3503 faciendis,
1274 3400 1514 3512 dequibus
1535 3400 1649 3486 nulla
1684 3400 1836 3486 solutio
1864 3401 2059 3484 durante

444 3517 655 3620 libertato,
677 3528 722 3600 et
739 3527 839 3628 post
852 3517 1092 3600 libertatem
1112 3517 1236 3609 nobis
1259 3519 1406 3603 cedet·
1429 3519 1659 3603 Praeterea
1681 3519 1807 3603 ctiam
1826 3515 2086 3650 praedicto

445 3635 671 3729 Aduocato
693 3663 791 3718 cum
812 3637 898 3718 suis
918 3637 1100 3744 posteris
1123 3635 1177 3716 do
1199 3637 1347 3744 grecia
1361 3645 1506 3718 nostra
1527 3635 1694 3743 spetiali
1715 3633 1818 3746 (sic)
1846 3624 2084 3744 supersedi
2120 3707 2122 3716 .

344 3762 354 3782 ’
445 3753 584 3838 dimus
606 3762 703 3839 octo
724 3780 895 3840 mariscs
915 3752 1070 3838 liberos
1090 3754 1273 3862 penitis,
1295 3782 1322 3834 a
1343 3747 1509 3838 Oeneus
1541 3751 1762 3854 solutione,
1801 3760 1844 3838 et
1866 3750 2079 3846 exactio·

427 3898 500 3957 ne
521 3855 753 3982 exemptos.
784 3871 852 3954 De
867 3871 1040 4000 judicijs
1061 3883 1167 3956 vero
1185 3869 1470 3996 singularibus
1493 3871 1711 3954 annuatim
1727 3869 1850 3958 nobis
1873 3870 1957 3957 duo
1980 3810 2062 3950 de-
2162 3882 2174 3900 ”

417 4034 423 4047 ·
446 3990 552 4099 nariJ'
572 4001 620 4072 et
639 3991 852 4076 aduocato
872 3959 1021 4086 tertius
1042 4016 1211 4100 semper
1226 3990 1371 4074 cedet.-
1394 3987 1464 4072 Ad
1479 4005 1704 4114 magnum
1701 3986 1920 4074 Judioium
1936 3985 2053 4096 quod
2318 3992 2321 4005 '

318 4159 323 4164 -
378 4168 404 4194 ,.
445 4106 498 4190 fit
511 4109 609 4190 ter
597 4135 640 4191 ιιι
662 4136 786 4214 anno,
807 4137 835 4190 a
853 4109 983 4193 latere
1019 4119 1165 4192 nostro
1198 4107 1519 4211 destinabimus,
1555 4097 1730 4192 militem
1764 4109 1856 4194 siue
1889 4103 2051 4206 Oiuem,

384 4219 417 4274 ·’
446 4235 749 4339 quemcunque
791 4226 914 4312 nobis
950 4225 1134 4331 fidelem,
1170 4227 1244 4338 qui
1278 4226 1404 4318 simul
1424 4250 1520 4310 oum
1554 4223 1795 4328 Aduoeato,
1831 4221 2051 4306 diudicans

448 4369 624 4428 caussas
662 4346 837 4454 eijsdem
874 4345 1150 4456 praesidebit
1197 4344 1307 4429 Item
1327 4343 1524 4428 addimus
1544 4346 1840 4451 promittentes
1874 4335 2051 4424 Oiuibus

275 4513 285 4527 ·
446 4464 599 4546 nostris
620 4463 876 4574 supradictis
898 4472 942 4545 et
960 4461 1200 4568 Aduccato,
1222 4462 1340 4574 quod
1359 4461 1520 4547 nullum
1535 4461 1845 4548 Prouincialem
1862 4457 2053 4544 aduoca-

445 4587 539 4661 tum
560 4607 688 4692 super
707 4581 824 4692 ipsos
844 4609 1037 4693 unquam
1058 4591 1308 4722 statiemus,
1329 4584 1410 4666 ιιιιι
1398 4583 1486 4664 ad
1506 4607 1713 4692 magnum
1726 4573 1948 4686 judicium.
1994 4571 2056 4658 Ut

324 4797 329 4804 ,
448 4693 627 4782 diximus
648 4701 873 4839 superius,
867 4723 958 4782 nec
976 4699 1194 4808 pluries
1153 4703 1235 4782 mei
1255 4701 1382 4782 term
1404 4728 1527 4801 anno,
1561 4699 1613 4781 de
1647 4696 1884 4807 quostiam
1915 4690 2052 4792 nobis,

435 4815 565 4898 sicut
577 4821 772 4928 superius
794 4827 861 4901 est
881 4843 1127 4928 expressum
1148 4819 1231 4901 duo
1256 4817 1427 4928 denarij,
1450 4826 1492 4898 et
1510 4814 1736 4900 Aduocato
1752 4843 1851 4900 eum
1870 4812 1958 4988 sulp
1974 4835 2052 4920 po·

445 4961 577 5006 nonnum,
