4856 5932
1037 677 1314 752 -art-

346 875 509 964 numeri
531 887 574 959 et
594 874 793 986 ponderis
813 876 1070 987 polonicalis‚
1091 889 1140 965 vt
1159 891 1303 966 autem
1324 908 1376 964 cx
1395 877 1559 990 predict
1561 907 1583 963 e
1541 878 1709 964 tsilue
1726 884 2000 996 exstirpacic·

344 1023 400 1086 ne
420 998 543 1084 nobis
564 1025 639 1080 seu
660 997 976 1082 successoribus
997 1003 1148 1085 nostris
1165 1000 1278 1086 fruct
1261 1011 1330 1085 tus
1349 1000 1603 1111 proueniant
1620 1002 1888 1086 concedimus
1905 1031 2001 1114 pre-

346 1119 462 1205 dicto
483 1126 601 1228 petro
624 1125 666 1198 et
686 1117 772 1198 suis
793 1113 1019 1201 heredibus
1054 1118 1221 1204 locandi
1248 1145 1418 1204 mansos
1440 1128 1484 1200 et
1503 1121 1773 1204 mensurandi
1794 1126 2032 1208 omnimo·

348 1238 444 1322 dam
465 1246 719 1347 potestatem
742 1261 826 1344 que
847 1235 947 1319 villa
967 1235 1144 1321 habebit
1127 1249 1250 1352 tquo
1254 1249 1356 1352 tquo
1359 1236 1531 1348 tplures
1548 1237 1686 1322 facere
1707 1241 1873 1350 possint
1893 1240 1997 1326 dure

346 1385 399 1442 ac
419 1358 546 1443 modo
566 1354 808 1439 franconico
830 1354 880 1437 In
897 1381 984 1464 qua
1005 1356 1104 1440 villa
1127 1359 1273 1442 damus
1288 1359 1479 1469 predicto
1495 1356 1621 1443 Petro
1644 1367 1687 1441 et
1706 1360 1793 1442 suis
1816 1359 1999 1446 Succes-

346 1475 510 1563 soribus
531 1474 748 1588 legittimis
771 1473 875 1558 duos
896 1502 1066 1559 mansos
1086 1455 1240 1562 liberos
1273 1485 1456 1590 quatuor
1485 1477 1705 1562 residuitat
1687 1485 1752 1561 tes
1772 1479 2002 1591 vulgariter

103 1609 107 1618 “
239 1649 250 1696 ·.
347 1596 545 1682 abschari
566 1597 582 1707 (
590 1595 620 1707 ⁵)
644 1603 846 1709 quartum
877 1592 974 1706 (sic)
1004 1605 1116 1679 ortos
1154 1595 1259 1680 duas
1291 1594 1541 1681 Thabernas
1579 1625 1676 1680 cum
1709 1596 1876 1682 duobus
1909 1599 2045 1689 Mo„

345 1716 523 1802 lendinis
544 1716 727 1824 piscinas
761 1712 913 1796 liberas
946 1725 1158 1826 quotquot
1140 1717 1281 1801 tfiari
1316 1724 1498 1825 possunt
1529 1717 1715 1801 exomni
1749 1726 1868 1826 parte
1904 1718 1998 1803 ville

347 1843 472 1948 prata
491 1862 655 1946 pascua
673 1831 825 1916 rubeta
845 1830 1097 1916 Maccellum
1119 1837 1308 1918 carnium
1323 1835 1515 1919 Mensam
1537 1863 1694 1944 panum
1716 1834 1915 1922 Sutorum
1934 1835 1999 1922 fa-

345 1954 516 2040 brorum
536 1953 669 2038 libera
691 1949 878 2068 (libere)
898 1961 1100 2062 perpetue
1122 1982 1174 2036 ac
1191 1951 1297 2038 dure
1313 1955 1564 2042 hereditario
1586 1955 1822 2041 omnimode
1838 1955 2002 2042 haben·
2005 1981 2006 1986 ‘

348 2075 448 2159 dum
483 2073 713 2157 tenendum
747 2071 1049 2181 possidendum
1090 2073 1436 2158 commutandum
1470 2072 1740 2158 vendendum
1760 2101 1836 2186 pro
1859 2099 1938 2158 sua
1958 2085 2002 2160 et

347 2193 516 2279 suorum
537 2203 752 2303 posterum
772 2189 990 2276 voluntate
1027 2185 1426 2276 co'nuertendumt
1378 2201 1426 2277 vt
1447 2219 1526 2276 sua
1546 2200 1590 2274 et
1609 2217 1780 2277 sucrum
1800 2193 2000 2278 voluntas

347 2313 498 2398 melius
532 2313 768 2396 decreuerit
786 2310 868 2395 Pro
889 2309 1083 2393 Ecclesia
1117 2339 1218 2396 vero
1254 2312 1412 2397 ibidem
1448 2310 1645 2396 situanda
1679 2311 1838 2396 ibidem
1872 2341 2001 2398 vnum

346 2459 540 2516 mansum
565 2441 607 2514 et
626 2459 755 2516 vnum
777 2437 978 2514 crtumet
960 2429 1128 2513 talium
1149 2457 1223 2540 pro
1245 2431 1438 2540 pellendo
1461 2459 1596 2542 grege
1633 2429 1738 2515 alias
1771 2431 2002 2517 Scottac'cza

346 2551 473 2636 libere
497 2551 777 2662 assignamus,
811 2548 960 2632 damus
983 2549 1115 2631 eciam
1137 2551 1327 2660 predicto
1349 2560 1493 2634 nostro
1516 2548 1703 2635 Scclteto
1726 2548 1903 2657 Sestum
1926 2553 2000 2635 de-

347 2673 510 2755 narium
532 2697 684 2754 census
706 2668 760 2754 ab
784 2680 880 2752 octo
903 2666 1042 2753 Sectis
1074 2677 1117 2750 et
1151 2669 1203 2752 de
1234 2671 1347 2755 omni
1375 2699 1420 2753 re
1454 2668 1662 2755 dudioata
1682 2678 1771 2752 tam
1792 2670 1834 2752 in
1856 2673 2001 2778 paruis

348 2814 477 2900 quam
512 2789 555 2871 in
591 2789 756 2902 magnis
786 2788 953 2898 iudiciJs
985 2789 1120 2870 eciam
1153 2788 1369 2872 denarium
1402 2790 1580 2872 tercium
1616 2787 1782 2873 duobus
1820 2788 2001 2901 denarijs

349 2907 569 2992 dumtaxat
587 2937 664 3020 pro
686 2906 808 2993 nobis
828 2907 1067 3011 reseruatis,
1088 2907 1233 2992 licebit
1257 2909 1389 2991 eciam
1421 2907 1612 3018 predicto
1648 2916 1792 2994 nostro
1815 2905 2002 2995 Sccltetc

281 3099 287 3108 .
345 3029 501 3140 piscari
527 3029 671 3114 venari
704 3027 905 3138 aucupari
935 3029 979 3109 in
1003 3027 1197 3112 omnibus
1219 3055 1294 3140 pro
1317 3055 1397 3110 sua
1417 3026 1600 3110 vtilitate
1619 3026 1729 3110 infra
1748 3027 1901 3111 limites
1924 3055 2003 3113 sue

346 3147 590 3241 hereditatis
612 3147 821 3232 mellificis
850 3146 1046 3232 faciendo
1069 3176 1155 3259 que
1177 3147 1317 3232 omnia
1338 3155 1381 3230 et
1401 3145 1570 3259 singula
1600 3146 1684 3256 ipsi
1713 3147 1904 3256 predicto
1926 3175 2003 3234 ιιο-

347 3275 433 3351 stro
453 3265 638 3352 Scolteto
661 3267 820 3350 debent
842 3293 934 3350 esse
954 3265 1088 3349 libera
1109 3277 1151 3348 et
1171 3263 1226 3349 ab
1250 3267 1362 3350 omni
1381 3293 1483 3350 vera
1503 3265 1716 3350 solucione
1740 3275 1938 3376 exempta
1961 3278 2003 3352 et
2036 3280 2038 3287 ’
2162 3351 2168 3371 x

347 3385 543 3470 absoluta
561 3383 834 3468 Absoluimus
856 3387 989 3469 eciam
1014 3395 1056 3468 et
1076 3395 1279 3496 perpetuo
1313 3386 1539 3470 liberamus
1576 3393 1813 3494 pretactum
1837 3382 2001 3469 Sculte-

346 3515 437 3587 tum
459 3517 501 3586 et
520 3501 829 3588 inhabitatores
849 3505 943 3587 ville
965 3507 1179 3590 nominate
1203 3504 1257 3587 ab
1280 3505 1475 3590 omnibus
1497 3501 1723 3587 dudicibus
1753 3501 1934 3611 dudicijs
1959 3514 2002 3588 et

345 3621 630 3735 potestatibus
653 3625 837 3707 omnium
858 3620 1060 3707 dudicum
1095 3620 1349 3707 Officialium
1388 3623 1728 3735 quibuscumque
1759 3621 2000 3708 nominibus

347 3752 606 3850 censeantur
622 3741 825 3853 Ita·quod
847 3769 988 3827 coram
1012 3745 1069 3826 eis
1091 3740 1162 3825 uel
1183 3741 1325 3850 aliquo
1350 3771 1490 3827 eorum
1508 3741 1625 3824 citati
1640 3741 1810 3822 minime
1825 3766 2001 3852 respon-

348 3860 510 3945 debunt
529 3859 790 3944 Kmethcnes
823 3869 864 3944 et
885 3861 1028 3948 Incole
1050 3887 1191 3945 coram
1222 3861 1423 3971 ipsorum
1441 3858 1629 3945 Scoltetc
1662 3855 1878 3944 Sccltetus
1900 3889 2000 3946 vero

257 3969 267 3988 ’
348 4009 490 4066 coram
512 3981 634 4065 nobis
655 3980 723 4063 uel
746 3981 899 4065 nostris
938 3978 1265 4066 successoribus
1303 3981 1401 4063 dese
1440 3977 1762 4090 querulantibus
1798 4006 1882 4063 non
1918 3978 2000 4065 alio

345 4102 426 4182 nisi
446 4128 522 4184 suo
545 4098 649 4183 Jure
672 4099 940 4186 Theutunico
962 4097 1295 4212 Maydburgensi
1314 4098 1633 4210 respondebunt
1615 4095 1931 4182 tItncausis
1856 4105 1931 4182 aut
1935 4127 2001 4182 em

316 4317 320 4324 ¹
348 4217 645 4304 Criminalibus
668 4229 710 4301 et
731 4219 859 4330 Capit
842 4219 997 4305 talibus
1019 4220 1208 4332 predicto
1229 4231 1373 4305 nostro
1406 4217 1567 4304 Scclte
1550 4227 1593 4303 ο
1630 4215 1866 4301 dudicandi
1894 4213 2000 4300 Sen-

297 4343 301 4358 '
347 4338 562 4421 tenciandi
583 4337 785 4447 puniendi
824 4349 865 4421 et
876 4340 1226 4480 condempnandi
1246 4339 1414 4450 plenam
1437 4347 1480 4421 et
1500 4337 1782 4422 omnimodam
1804 4337 2002 4420 concedi·

348 4482 441 4541 mus
462 4453 596 4539 facult
598 4465 709 4539 atem
729 4461 885 4566 prout
874 4461 1012 4570 1psum
1035 4459 1115 4544 Jus
1138 4451 1487 4542 Theutunicum
1475 4485 1518 4538 ιιι
1539 4458 1624 4538 suis
1647 4455 1832 4537 articulis
1852 4465 2001 4594 postu:

346 4577 406 4661 lat
426 4585 469 4658 et
487 4575 660 4688 requirit
642 4575 876 4662 tPreterea
897 4587 942 4662 vt
962 4581 1153 4688 predicta
1166 4575 1282 4662 Silua
1303 4575 1519 4662 eomodius
1540 4575 1675 4684 possit
1690 4575 1933 4685 exstripari
1922 4573 2002 4685 1psi

453 4831 491 4910 (⁵)
513 4827 566 4896 Ed
583 4836 634 4897 cst
647 4826 798 4914 polonice
810 4831 943 4918 obstem,
961 4829 1050 4914 quod
1064 4829 1163 4896 latine
1179 4851 1315 4916 campos,
1332 4853 1434 4916 apros,
1452 4823 1629 4910 significat.

453 4949 534 4990 Ξοιιιιιι
546 4948 587 4989 111.
1753 4947 1794 5012 48

766 5087 770 5098 ,
1835 5057 1847 5090 0
