4856 5932
1009 698 1279 774 ..ΛΜ-.-

313 931 398 990 nou
419 910 675 1014 suspectam,
697 927 781 988 non
800 897 999 990 violatam
1021 899 1076 984 ad
1096 901 1162 984 ius
1182 902 1369 1011 ipsorum
1386 899 1673 1004 ostenderunt,
1691 908 1734 982 et
1749 901 1987 1014 supradic-

313 1023 370 1112 tis
389 1023 535 1108 Judici
555 1031 636 1105 etc.
658 1031 944 1132 porrexerunt,
979 1028 1172 1129 petentes
1210 1021 1323 1103 circa
1343 1021 1409 1103 ius
1431 1021 1617 1129 ipsorum
1654 1022 1898 1133 adiudicarj,
1931 1031 1976 1104 ct

313 1151 676 1256 recognoscentes
697 1141 777 1224 sub
798 1140 986 1248 ipsorum
1003 1135 1271 1224 consciencia
1286 1139 1507 1222 laboreset
1522 1139 1973 1253 obediencias,quibus

314 1263 551 1374 antiquitus
571 1256 899 1370 respondebant.
925 1256 1077 1342 -Judex
1098 1285 1199 1344 vero
1220 1259 1364 1342 littera
1382 1267 1567 1368 recepta,
1591 1287 1687 1341 cum
1710 1259 1799 1341 aliis
1822 1288 1973 1370 supra-

274 1427 276 1432 ·
317 1375 441 1465 dictis
461 1380 695 1492 presidere,
718 1389 761 1462 et
781 1378 894 1462 bene
914 1379 1154 1483 masticata,
1192 1378 1406 1462 dominum
1442 1379 1676 1488 predictum
1714 1381 1976 1488 prepositum

315 1501 464 1612 prima,
485 1499 685 1602 secundo,
705 1498 857 1602 tercio,
870 1507 913 1581 et
931 1499 1041 1580 ultra
1060 1499 1126 1580 ius
1149 1507 1301 1606 quarto
1321 1499 1555 1608 requisiuit,
1576 1508 1789 1581 ancontra
1808 1499 1976 1608 predic·

316 1632 408 1705 tum
429 1619 698 1731 priuilegium
736 1617 895 1724 aliquid
916 1615 1137 1714 habuisset
1158 1617 1296 1700 dicere
1317 1617 1384 1701 vel
1403 1617 1658 1726 vituperiose
1681 1617 1862 1701 obicere.
1902 1616 1977 1702 llle

316 1761 415 1824 vero
436 1737 713 1850 precogitatis
736 1736 840 1818 dixit
860 1737 1081 1846 privilegio
1118 1762 1202 1821 non
1236 1737 1478 1845 vituperare
1515 1737 1616 1818 alias
1652 1736 1976 1849 nieprzipaniccz,

315 1885 394 1942 ¹nos
414 1859 591 1942 tandem
614 1885 709 1938 cum
729 1857 813 1937 iam
838 1855 961 1938 dictis
984 1853 1161 1938 dominis
1202 1856 1410 1938 iusticiam
1444 1857 1726 1959 attendentes,
1762 1867 1806 1938 et
1839 1857 1976 1967 ipsam
1996 1917 2012 1960 χ

316 1979 549 2090 unicuique
568 1975 806 2060 ministrare
825 1977 1045 2085 cupientes
1064 2028 1066 2037 ·
1082 1983 1245 2057 tantam
1269 1974 1321 2056 de
1342 1983 1487 2058 nostra
1521 1975 1690 2057 racione
1714 1975 1838 2058 deum
1858 1977 1990 2086 plas-¹

318 2106 522 2207 uiatorem
547 2095 715 2179 omnino
736 2121 812 2203 pre
832 2093 964 2177 oculis
985 2093 1206 2196 habentes,
1225 2093 1438 2201 predictos
1460 2093 1644 2212 incolas,
1672 2094 1786 2176 circa
1806 2095 1994 2204 priuile-.v

319 2217 438 2328 giam
460 2214 799 2300 adiudicauimus
822 2223 864 2293 et
877 2240 958 2323 per
980 2223 1199 2323 presentes
1236 2211 1541 2314 adiudicamus,
1580 2212 1857 2296 decernentes
1872 2213 1979 2321 juri-

320 2335 415 2418 dice
434 2333 649 2444 predictos
670 2359 816 2416 omnes
837 2331 996 2417 incolas
1041 2333 1210 2416 dominc
1232 2333 1449 2442 preposito
1481 2341 1523 2412 et
1552 2328 1791 2414 Conventui
1811 2329 1977 2416 labores

321 2466 365 2538 et
384 2453 470 2538 alia
489 2451 758 2560 infrascripta
776 2455 820 2532 in
840 2450 954 2533 hunc
975 2451 1371 2563 modumperficere
1402 2459 1444 2532 et
1461 2448 1635 2559 implere
1657 2451 1834 2562 singulis
1844 2453 1978 2537 annis.

321 2569 433 2672 Quia
455 2573 556 2655 dicti
596 2571 736 2654 incole
759 2569 813 2651 de
837 2566 1133 2654 Cr'zr'rancwiczc
1153 2571 1195 2652 in
1217 2598 1334 2654 verre
1357 2571 1459 2652 alias
1475 2597 1528 2653 aa
1542 2570 1723 2674 reiecero,
1745 2599 1895 2683 agrum
1915 2572 1980 2654 in-

320 2693 501 2801 cipendo
524 2689 579 2774 ab
602 2699 697 2774 ortu
718 2687 815 2772 solis
839 2715 976 2798 usque
997 2689 1051 2770 ad
1072 2690 1289 2773 meridiem
1311 2716 1395 2773 uno
1419 2689 1485 2772 die
1508 2717 1639 2793 arare,
1676 2700 1719 2770 et
1738 2701 1838 2798 post
1856 2693 1981 2777 meri-

321 2810 433 2894 diem
454 2811 511 2893 ad
531 2819 699 2918 tempus
721 2811 962 2912 serotinum,
1001 2810 1117 2924 quod
1139 2807 1265 2892 fuerit
1287 2819 1582 2920 opportunum,
1599 2809 1602 2818 ’
1619 2809 1826 2892 seminare
1850 2821 1894 2892 et
1913 2839 1981 2894 ar·

320 2932 462 3042 picare
484 2930 568 3014 sint
587 2917 762 3013 astricti.
794 2927 926 3010 Aliud
945 2953 1059 3032 vero,
1081 2929 1198 3038 quod
1220 2927 1373 3010 dicitur
1393 2951 1493 3040 opor
1521 2928 1761 3037 incipiendo
1790 2956 1820 3012 a
1839 2939 1978 3013 matu·

318 3079 369 3134 ra
387 3051 673 3160 prelibacioue
716 3049 851 3131 eciam
886 3046 942 3129 ad
963 3046 1193 3130 ‘meridiem
1224 3046 1411 3131 arabunt·
1428 3058 1471 3129 et
1489 3049 1609 3130 iuxta
1629 3050 1981 3136 consuetudinem

324 3171 418 3281 agri
441 3170 676 3280 disponent,
712 3167 899 3278 similiter
921 3167 975 3250 ad
996 3169 1296 3252 seminaturum
1317 3194 1401 3251 uno
1424 3167 1568 3250 dicad
1589 3167 1803 3250 meridiem
1826 3179 1982 3282 etpost

320 3287 553 3392 meridiem,
575 3313 661 3397 quo
685 3287 754 3369 die
774 3287 1013 3396 prepositus
1034 3315 1110 3370 seu
1131 3286 1379 3373 Conuentus
1400 3285 1578 3372 voluerit
1598 3287 1654 3370 ad
1669 3314 1890 3397 vesperam
1912 3318 1982 3372 se-

321 3404 546 3490 minabunt
567 3416 610 3486 et
630 3403 884 3514 arpicabunt
906 3409 1121 3515 aspicione
1144 3407 1196 3488 de
1219 3407 1445 3492 Oonuentu
1463 3405 1623 3510 habita,
1638 3433 1714 3516 per
1729 3433 1860 3487 unum
1880 3435 1980 3493 vero

205 3528 209 3533 ’
322 3551 491 3608 currum
513 3525 817 3609 frumentorum
839 3535 882 3608 et
900 3553 976 3634 per
995 3553 1125 3608 unum
1169 3525 1334 3608 currum
1372 3525 1457 3607 feni
1493 3525 1671 3636 quilibet
1698 3525 1882 3634 ipsorum
1927 3525 1981 3612 de
2024 3620 2027 3626 ¹
2126 3529 2132 3604 ἶ

322 3643 448 3728 laneo
471 3643 526 3728 ad
548 3642 707 3727 curiam
730 3644 781 3728 de
802 3646 963 3753 campis
985 3643 1224 3727 conducere
1246 3645 1330 3725 sint
1350 3644 1522 3726 astricti.
1554 3645 1728 3730 Pratum
1744 3643 1981 3752 quodanti-

323 3764 468 3872 quitus
489 3764 531 3845 in
555 3763 750 3874 expensis
773 3762 1076 3848 deconueneu
1095 3759 1404 3844 falcastrabunt
1422 3765 1509 3844 iam
1545 3761 1716 3847 amodo
1737 3763 1780 3843 in
1801 3765 1979 3874 propriis
2017 3861 2026 3876 p

325 3885 521 3992 expensis
561 3911 647 3968 uno
688 3883 866 3994 singulis
887 3883 1009 3964 annis
1045 3879 1357 3966 falcastrabunt
1391 3907 1466 3990 per
1486 3891 1622 3966 totum
1645 3881 1769 3964 diem.
1810 3881 1876 3965 De
1899 3884 1979 3969 alio
2086 3949 2087 3956 Ν

322 4029 433 4104 vero,
456 4002 570 4113 quod
593 4001 1000 4116 essctsuporfluum,
1024 4001 1218 4086 dominus
1254 4000 1493 4111 prepositus
1515 4003 1605 4084 siue
1628 4012 1864 4085 conuentus
1883 4029 1981 4113 pro-

277 4181 281 4192 ·
322 4119 499 4205 uidebit.
531 4121 680 4205 Eciam
715 4123 908 4233 predicti¹
931 4114 1190 4207 Omethoncs
1227 4123 1318 4203 siue
1358 4118 1494 4206 incole
1514 4148 1590 4232 pro
1612 4119 1837 4206 manifesta
1871 4121 1993 4204 indi-¹

240 4323 246 4328 .
324 4235 482 4350 gencia
501 4239 705 4344 Ecclesia,
728 4241 867 4344 Ouric,
889 4253 964 4324 aut
983 4239 1210 4326 molendini
1231 4239 1403 4326 arbores
1439 4245 1530 4324 siue
1563 4239 1720 4326 robora
1739 4238 1980 4325 conducere

325 4357 494 4462 debent,
516 4359 616 4450 dum
635 4358 761 4443 fuerit
781 4371 1063 4471 opportunum
1085 4371 1328 4444 construere
1363 4359 1431 4443 vel
1451 4359 1673 4442 emendare
1711 4358 1869 4470 aliquid
1890 4388 1981 4444 ma·
2042 4373 2044 4380 “

322 4475 477 4560 niseste
498 4478 809 4586 intrapredictis
833 4478 930 4593 (sio)
952 4481 1021 4566 Ita
1039 4489 1195 4583 tamen,
1232 4479 1350 4588 quod
1386 4478 1578 4562 dominus
1614 4479 1869 4588 prepositus,
1907 4481 1980 4592 qui

321 4623 399 4707 pro
421 4607 521 4680 tunc
542 4595 681 4700 fuerit,
703 4598 875 4684 arbores
897 4597 1133 4710 superfluos
1154 4599 1340 4684 vendere
1369 4624 1453 4680 non
1473 4593 1696 4701 tenebitur,
1732 4625 1813 4679 nec
1844 4598 1978 4681 inani-

320 4726 388 4801 ter
409 4717 594 4828 disipare
613 4713 725 4830 (sic).
773 4719 829 4802 Et
861 4721 963 4830 quia
999 4747 1135 4829 agger
1155 4719 1292 4800 eciam
1323 4717 1367 4798 in
1387 4714 1545 4798 ibidem
1585 4716 1729 4827 sepius
1763 4718 1980 4826 rumpitur,

321 4837 419 4924 ideo
439 4837 619 4950 predicti
657 4837 793 4923 incole
823 4839 879 4920 ad
899 4837 1125 4923 violentam
1146 4835 1320 4949 aggeris
1354 4835 1596 4946 ruptionem.
1626 4863 1793 4921 currem
1825 4835 1981 4922 debent
