4844 5936
1084 1071 1254 1190 tert.

613 1291 1083 1416 conseras-ose
1107 1331 1170 1416 aa
1188 1331 1335 1416 soror
1359 1329 1504 1418 asos
1529 1351 1693 1416 anno.
1729 1315 1732 1324 ·

393 1549 676 1624 Alexander·
695 1570 758 1641 rex,
774 1551 930 1644 privilegia
944 1551 1028 1624 urbis
1044 1553 1220 1643 operantes
1233 1569 1253 1625 a
1268 1519 1551 1644 praedecessoribus
1566 1553 1631 1626 suis
1646 1549 1729 1640 tate,
1744 1554 1873 1626 rerorot
1887 1557 1937 1636 (¹).

441 1761 490 1846 ln
512 1763 678 1846 nomine
702 1762 856 1845 domini
877 1789 1011 1844 amen.
1057 1761 1127 1844 Ad
1158 1771 1407 1872 perpetuam
1427 1763 1487 1846 rei
1507 1764 1763 1847 memoriam.
1797 1761 1987 1846 Tametsi

340 1879 570 1966 authoritas
591 1909 743 1992 regum
764 1891 808 1964 et
827 1883 1062 1992 principum
1084 1881 1125 1961 in
1150 1879 1332 1966 omnium
1356 1881 1534 1964 decretis
1571 1883 1891 1994 Privilegiorum
1912 1911 1984 1965 ne-

339 1999 491 2084 minem
514 1999 638 2084 fallat
655 2001 730 2082 sed
751 2025 917 2109 semper
951 2027 1196 2084 mensurum
1233 2001 1460 2082 constituit.
1499 2001 1697 2112 quitquid
1719 1999 1815 2114 (sio)
1839 2002 1987 2084 decer·

339 2119 477 2202 nendo
498 2129 730 2229 perpetuat.
778 2119 941 2202 Tamen
963 2148 1048 2202 non
1070 2117 1123 2199 ab
1145 2147 1190 2200 re
1211 2117 1260 2200 fit
1280 2129 1329 2202 ut
1347 2121 1495 2201 iterum
1518 2121 1757 2228 iterumque
1779 2120 1988 2234 approbet

340 2247 383 2320 et
401 2237 696 2322 firmitudinem
719 2239 953 2349 ingeminet
974 2240 1073 2322 dum
1097 2265 1147 2320 ea
1171 2264 1255 2345 que
1292 2239 1421 2320 semel
1447 2241 1757 2348 inperpetuum
1778 2241 1985 2322 concedit.

444 2441 483 2518 (¹)
506 2439 558 2504 Ex
574 2447 778 2526 transumpto
793 2438 883 2526 regis
898 2438 1100 2524 Sigismundi
1114 2439 1210 2524 primi
1241 2461 1269 2504 a.
1303 2440 1385 2505 1538
1400 2437 1629 2504 Muezkowski
1657 2437 1840 2524 descripsit.
1854 2419 1859 2434 ’
1878 2439 1982 2504 Privi-

339 2523 459 2608 legium
489 2521 639 2589 Casimiri
669 2522 897 2608 sugerianas,
924 2525 976 2590 cui
1005 2524 1128 2588 inserta
1154 2531 1204 2588 est
1233 2523 1344 2588 tabula
1371 2523 1515 2589 Boleslai
1531 2521 1656 2600 rudior,
1683 2524 1750 2608 jam
1766 2525 1915 2608 superius
1932 2536 1984 2612 ty-

339 2607 389 2758 pis
404 2606 568 2708 mandato,
583 2607 659 2673 anni
674 2617 724 2673 est
740 2611 830 2676 1456.
876 2607 1040 2675 Teporem
1056 2608 1311 2674 confirmationis
1327 2607 1528 2693 sigismundi
1542 2611 1575 2673 in
1595 2609 1805 2673 annotatione
1834 2608 1898 2675 bue
1929 2609 1986 2674 ad·

359 2713 494 2758 uermes:

443 2778 534 2843 1538.
551 2776 965 2854 Innominedominiamen.
980 2777 1480 2866 Adperpetuamreimemoriam
1497 2778 1565 2843 Nos
1582 2776 1807 2862 Sigismundus
1816 2777 1867 2842 dei
1878 2781 1986 2862 gratia

292 2897 297 2907 ·
340 2871 401 2927 ete.
448 2861 756 2946 Signilieumuseto.
801 2863 972 2948 Quomodo
988 2865 1154 2930 venientes
1169 2861 1233 2928 hue
1249 2862 1289 2927 ad
1304 2885 1364 2929 nos
1381 2861 1479 2928 Cives
1495 2861 1609 2948 oppidi
1635 2863 1805 2928 monastici
1829 2863 1988 2952 Oppetbo·

339 2947 660 3028 nonannoeane
688 2947 903 3034 Tbijni‘eaen.
946 2949 1172 3017 Exhibuerunt
1201 2947 1411 3034 Privilegium
1439 2947 1590 3012 infraseri
1615 2955 1684 3012 tum
1713 2949 1987 3030 confirmatorium

339 3032 399 3100 sub
414 3032 510 3098 titulo
526 3043 561 3098 et
576 3033 682 3122 sigillo
699 3033 777 3100 olim
792 2973 858 3100 divi
876 3033 1057 3102 Alexandri
1071 3035 1172 3120 Regis
1187 3033 1298 3098 fratris
1315 3031 1460 3118 germani
1474 3042 1507 3096 et
1524 2971 1766 3117 predecessoris
1781 3035 1888 3100 nostri
1903 3033 1988 3102 desi-

340 3116 542 3184 deratissimi·
586 3117 795 3204 Privilegium
810 3121 984 3186 locationis
1000 3137 1032 3184 et
1047 3117 1246 3185 fundationis
1262 3116 1403 3183 eiusdem
1417 3116 1528 3204 oppidu
1541 3115 1700 3206 Opotboeoo'
1708 3119 1758 3184 'eoz
1771 3142 1831 3206 per
1846 3120 1985 3188 Casimi·
2102 3163 2106 3170 -

307 3262 312 3272 .
339 3220 410 3267 rurn
425 3203 601 3271 clarissime
626 3206 780 3269 memorie
805 3227 915 3290 regern
946 3218 1113 3290 parentem
1145 3213 1179 3268 et
1208 3200 1474 3302 predecessorem
1503 3213 1649 3268 nostrum
1702 3205 1987 3271 asideratissimum

338 3288 429 3372 prius
444 3289 669 3356 confirmatum
683 3289 717 3353 in
732 3313 767 3354 se
783 3289 966 3356 continens.
1011 3289 1114 3356 Nobis
1129 3287 1295 3354 humiliter
1314 3287 1536 3374 supplicantes
1565 3297 1724 3370 quatenus
1739 3290 1802 3356 hoe
1817 3291 1902 3356 idem
1914 3292 1986 3356 Pri·

338 3371 490 3456 rilegium
504 3377 627 3440 neseis
644 3385 771 3458 quoque
788 3375 976 3440 confirmare
1000 3374 1230 3474 approbasset
1248 3371 1409 3438 ratificare
1437 3371 1476 3436 de
1502 3372 1705 3460 benignitate
1733 3388 1851 3440 nostra
1881 3376 1985 3460 Regia

339 3453 554 3540 dignaremur.
582 3509 585 3514 .
601 3459 702 3526 Cuius
718 3458 845 3542 quidem
862 3458 1030 3545 Privilegip
1047 3471 1140 3524 tenor
1155 3457 1195 3522 ad
1210 3457 1345 3523 verbum
1361 3467 1396 3522 ut
1411 3457 1556 3540 sequitur
1568 3469 1619 3524 est
1633 3459 1719 3525 talis.
1766 3459 1907 3538 (Finitus
1918 3481 1985 3526 sero

338 3545 391 3608 boe
405 3553 629 3634 transumptum
640 3566 671 3608 se
711 3547 951 3624 entebewserbial.

444 3625 592 3709 onrum
609 3629 663 3714 qui
686 3648 734 3692 em
753 3629 991 3714 oppidanorum
1006 3627 1111 3714 ipsius
1125 3626 1268 3693 Abbatis
1284 3626 1323 3692 de
1342 3627 1545 3713 Thijnnijeez
1567 3627 1743 3693 humilibus
1771 3627 1983 3713 supplicatio-

342 3709 436 3776 nibus
453 3723 485 3778 et
501 3711 729 3780 intercessioni
754 3713 1018 3780 Consiliariorum
1045 3721 1230 3776 nostrorum
1253 3733 1313 3798 pro
1331 3712 1377 3778 eis
1395 3712 1436 3776 ad
1451 3735 1510 3776 nos
1526 3715 1611 3777 iaete
1627 3711 1673 3776 uti
1690 3713 1775 3777 iuste
1793 3721 1825 3776 et
1844 3711 1985 3778 rationa-

343 3793 399 3861 bili
415 3795 598 3885 benigniter
614 3811 646 3864 et
662 3819 818 3884 generose
834 3807 1013 3864 annuentes
1028 3819 1083 3861 eas
1098 3797 1187 3883 ipsas
1203 3797 1313 3860 literas
1323 3819 1377 3862 seu
1390 3795 1594 3944 privilegium
1608 3819 1719 3861 eorum
1730 3798 1987 3884 suprascriptum

341 3901 444 3946 rarum
460 3893 493 3946 et
506 3895 632 3970 gratum
647 3883 803 3951 babentes
818 3883 897 3950 illud
912 3883 946 3948 in
961 3881 1111 3948 omnibus
1129 3881 1198 3949 eius
1214 3883 1355 3966 punctis.
1379 3880 1531 3948 causalis
1548 3883 1704 3950 articulis.
1732 3893 1765 3946 et
1790 3883 1986 3950 conditioni-

339 3967 400 4032 bus
417 3966 455 4032 de
471 3969 627 4055 singulari
643 3971 749 4057 gratia
763 3980 876 4035 nostra
890 3966 1156 4056 approbavimus.
1175 3967 1435 4034 confirmavimus
1451 3977 1484 4031 et
1499 3967 1739 4032 ratificavimus.
1753 3968 1985 4055 approbamus·

339 4069 410 4134 que.
428 4055 654 4122 confirmamus
670 4066 703 4119 et
718 4055 925 4121 ratificamus.
962 4053 1190 4118 Decernentes
1219 4050 1298 4115 illud
1327 4051 1431 4117 robur
1460 4049 1568 4116 debite
1592 4063 1625 4117 et
1638 4063 1796 4138 perpetue
1825 4053 1984 4118 firmitatis

340 4136 487 4200 obtinere
503 4141 827 4226 presentiumvigore
840 4138 1017 4207 accedente
1033 4140 1065 4202 in
1080 4160 1185 4203 evum.
1220 4137 1355 4204 duribus
1382 4137 1649 4222 suspensionibus
1680 4139 1801 4204 nostris
1827 4137 1919 4206 nobis
1941 4160 1981 4203 ex

340 4222 412 4286 iso
428 4222 550 4307 oppido
567 4225 684 4292 debitis
723 4249 759 4290 er
774 4229 881 4294 omnia
895 4224 996 4293 salvis
1011 4221 1227 4290 manentibus.
1248 4223 1286 4287 ln
1303 4223 1395 4290 ouius
1411 4221 1456 4286 rei
1473 4231 1533 4288 ete.
1567 4223 1687 4290 Actum
1714 4221 1922 4304 Pijotrkowie
1948 4225 1982 4288 in

340 4241 562 4374 &aventione
579 4249 722 4396 generali
738 4309 789 4374 die
808 4311 970 4378 dominico
990 4319 1065 4374 ante
1093 4309 1211 4374 lestum
1238 4307 1343 4374 saneti
1369 4305 1504 4372 Mathis.
1542 4309 1639 4374 Anno
1663 4306 1784 4371 domini
1812 4304 1982 4373 millesimo

281 4391 286 4398 '
340 4390 417 4474 quin
442 4391 598 4459 entesimo
615 4393 783 4476 trigesimo
799 4406 928 4463 octavo·
953 4393 1060 4480 Regni
1076 4415 1156 4459 vero
1172 4393 1278 4458 nostri
1301 4395 1400 4458 Anno
1427 4392 1595 4478 trigesimo
1621 4390 1776 4457 seeundo.
1820 4391 1983 4457 Presenti·

338 4412 919 4561 busdisserendissimoReuerendis,
941 4477 1128 4566 Magnifieis
1157 4477 1414 4544 venerabilibus.
1441 4476 1630 4544 Generosis.
1655 4476 1772 4558 quibus
1803 4497 1904 4562 supra
1933 4481 1982 4558 (ut

336 4559 415 4626 folio
430 4562 493 4626 320
507 4559 540 4625 in
553 4561 636 4629 libro
653 4565 718 4644 54).
1084 4575 1090 4593 ⁸

369 4721 382 4741 ⁸
442 4732 561 4800 Paulus
577 4731 616 4798 de
637 4733 735 4800 Voli'a
1358 4786 1361 4792 ,
1471 4727 1597 4795 Relatio
1613 4727 1755 4813 ejusdem
1772 4729 1874 4795 Pauli.

337 4817 635 4888 Vi·oeoaneellarius
653 4758 854 4905 sudseripeie
897 4807 900 4818 ’
