4856 5932
1162 705 1530 778 -434-’

480 908 664 1018 exceptis
684 901 920 989 hominihus
957 905 1070 1016 ipsas
1106 905 1225 990 villas
1260 904 1608 1012 inhabitantibus,
1645 933 1753 1019 quos
1790 915 1932 992 omnes
1970 908 2123 1004 Comes

480 1028 673 1114 Clemens
696 1035 796 1106 ante
814 1025 1189 1135 permultacionem
1209 1027 1464 1130 manumisit,
1500 1025 1626 1110 Hanc
1660 1027 1791 1139 igitur
1820 1031 2121 1137 parmuttacio-

437 1251 441 1260 Ι
477 1177 574 1232 nem
605 1145 970 1254 supranominatus
1006 1141 1199 1227 Andreas
1234 1145 1486 1255 Episcopus.
1521 1156 1563 1228 et
1592 1144 1742 1230 fratres
1778 1149 1844 1230 sui
1875 1149 2122 1259 supradicti.

479 1293 574 1352 cum
597 1264 764 1378 domino
785 1263 1028 1347 Prandotba
1058 1261 1271 1375 Episcopo
1310 1254 1592 1350 Oracouiansi.
1628 1264 1832 1350 fecerunt.
1855 1269 2118 1378 recipientes

478 1386 532 1472 ab
555 1411 604 1468 eo
627 1394 670 1466 et
690 1413 716 1465 a
736 1379 935 1467 fratribus
972 1382 1102 1492 ipsius
1124 1383 1348 1469 Canonicis
1390 1383 1585 1468 Ecclesia
1619 1385 1737 1470 beati
1771 1384 2012 1472 Wanceslai
2045 1411 2123 1502 pro

477 1505 585 1597 villis
617 1503 854 1605 antedictis,
895 1501 1078 1584 decimas
1120 1530 1246 1613 super
1284 1501 1528 1588 Moseauam
1558 1503 1612 1618 (ὅ)
1644 1514 1690 1587 et
1716 1507 1855 1594 villam
1884 1505 2048 1616 Liziup,
2068 1505 2123 1618 (f)

478 1625 663 1710 totaliter
684 1649 779 1706 cum
800 1621 992 1706 Ecclesia
1028 1622 1143 1704 beati
1165 1622 1392 1707 Clementis
1428 1632 1473 1704 et
1508 1652 1603 1708 cum
1641 1624 1813 1708 decimis
1850 1625 2043 1716 omnibus
2066 1626 2121 1720 ad

474 1747 611 1856 ipsam
630 1739 865 1826 Ecclesiam
885 1741 1189 1850 pertinentibus
1222 1740 1329 1824 Tale
1349 1751 1521 1852 pactum
1542 1771 1683 1828 coram
1720 1743 1842 1828 nobis
1864 1744 1920 1828 ab
1941 1755 2121 1855 ubsque

474 1872 595 1976 parte
616 1860 841 1964 firmantes,
864 1861 979 1970 quod
1001 1861 1035 1942 si
1052 1859 1201 1972 aliquis
1222 1862 1406 1971 ipsarum
1441 1863 1644 1971 parcium.
1676 1863 1788 1948 hanc
1825 1867 2122 1975 permuttacio·

476 2012 574 2067 nem
592 1977 850 2092 infringeret.
874 1980 1054 2063 dominio
1076 1987 1218 2063 nostro
1240 1989 1422 2090 quatuor
1457 1980 1623 2068 Merces
1659 1981 1763 2092 Auri
1782 1984 2023 2092 persoluere
2058 1993 2121 2068 te-

475 2111 625 2186 nentur
646 2098 743 2216 (sic)
765 2097 971 2210 Apposito
992 2101 1073 2184 hoe
1096 2098 1212 2209 quod
1233 2097 1423 2184 dominus
1443 2101 1681 2210 Episcopus
1709 2101 2017 2187 Oracouiensis.
2050 2130 2121 2186 su·
2154 2133 2158 2140 ·

367 2235 376 2260 ⁸
476 2220 712 2332 pradictum
736 2218 905 2303 domum
928 2219 979 2300 de
1002 2214 1266 2330 Stuayatbelsp
1293 2219 1336 2302 in
1369 2221 1562 2304 omnibus
1599 2217 1823 2304 defendere
1856 2233 1899 2304 et
1917 2223 2123 2331 inspicere

476 2339 701 2424 tenebitur.
737 2347 823 2422 tam
859 2335 1030 2422 inferius
1052 2334 1149 2450 (sic)
1172 2362 1301 2444 quam
1329 2341 1523 2424 exterius.
1570 2339 1638 2423 Ita
1673 2341 1928 2452 sanesquod
1957 2341 2120 2453 absque

476 2460 695 2544 uoluntate
718 2459 874 2543 domini
893 2455 1094 2566 Episcopi
1115 2455 1410 2542 Oracouiensis
1442 2460 1726 2571 congregacio
1756 2458 1961 2568 sepedicti
1975 2459 2121 2546 Oeno-

476 2578 535 2688 bij
557 2577 684 2661 nichil
704 2575 842 2660 facere
865 2575 1051 2659 audebit.
1084 2603 1164 2658 nec
1185 2575 1461 2661 hereditatem
1497 2577 1680 2689 aliquam
1717 2579 1898 2661 vendere
1918 2579 1988 2661 uel
2010 2607 2123 2662 eme·

478 2725 537 2782 re.
561 2705 838 2782 commuttare
863 2697 930 2779 uel
950 2693 1179 2780 concedere
1203 2704 1278 2778 aut
1297 2697 1596 2807 qualicumque
1617 2695 1743 2782 modo
1770 2724 1797 2778 a
1818 2697 1941 2783 domo
1964 2698 2122 2783 aliena·

473 2847 531 2902 re.
554 2845 633 2900 nec
655 2814 928 2900 Abbatissam
951 2817 1216 2900 constituere.
1241 2823 1315 2896 aut
1335 2815 1573 2899 destituere.
1595 2842 1675 2897 neo
1693 2819 1951 2927 prepositum
1974 2845 2121 2929 quem-

476 2963 604 3045 quern
627 2936 801 3040 deicere,
823 2963 902 3018 nec
919 2961 1136 3017 numerum
1159 2931 1356 3018 Sororum
1379 2963 1535 3045 augere
1557 2934 1627 3016 uel
1649 2939 1847 3020 minuere.
1896 2933 1983 3021 Sed
2012 2938 2122 3020 sicut

476 3054 652 3139 heredes
672 3065 774 3137 tunc
798 3055 1103 3139 constituerunt
1138 3051 1307 3161 quando
1344 3062 1536 3163 sumptus
1566 3053 1721 3138 ¹domus
1756 3065 2120 3167 computauerunt,

477 3173 594 3284 quod
615 3173 812 3287 Triginta
834 3172 1005 3259 Sorores
1038 3197 1130 3256 esse
1168 3171 1324 3254 debent
1364 3182 1406 3256 et
1439 3201 1523 3276 non
1558 3175 1791 3283 pauciores,
1822 3175 1913 3258 Nisi
1947 3175 2118 3286 quando

474 3293 707 3380 Abbatissa
726 3293 797 3376 uel
817 3292 1060 3404 Prepositus
1096 3290 1286 3374 viderent
1321 3293 1489 3377 domum
1512 3291 1566 3376 ab
1589 3291 1731 3404 aliqua
1761 3301 1882 3404 parte
1901 3293 2118 3404 proficere.

472 3423 573 3499 tunc
597 3413 647 3496 de
668 3412 884 3496 uoluntate
905 3408 1237 3522 supranominati
1255 3409 1457 3526 Episcopi
1492 3439 1711 3495 numerum
1744 3413 1932 3524 ipsarum
1961 3441 2120 3526 augere

471 3542 647 3646 possent
666 3559 804 3643 usque
826 3515 880 3614 ad
902 3529 1195 3642 quadraginta.
1229 3531 1409 3613 sednon
1429 3530 1553 3614 ultra.
1602 3529 1799 3615 Sororum
1837 3532 1971 3616 eciam
2006 3532 2119 3616 nulla

474 3654 637 3760 absque
659 3649 874 3736 uoluntate
897 3648 1051 3735 domini
1072 3647 1273 3760 Episcopi
1296 3647 1406 3734 exire
1429 3648 1669 3736 Claustrum
1690 3651 1879 3734 audebit.
1902 3654 1980 3736 nisi
1994 3651 2037 3733 in
2052 3649 2119 3734 su·

475 3801 533 3884 ga
552 3771 821 3883 Paganorum
843 3778 918 3853 aut
937 3781 1126 3882 tempore
1147 3768 1269 3852 famis
1289 3777 1428 3880 preter
1456 3769 1745 3874 abbatissam,
1783 3797 1868 3880 que
1887 3799 1963 3880 pro
1983 3797 2118 3881 nego·

475 3889 550 4000 cijs
573 3889 720 3972 domus
750 3891 862 3974 exire
892 3892 1057 4000 poterit.
1106 3885 1305 3996 Quinque
1340 3887 1490 3973 fratres
1528 3887 1779 3974 Sacerdotes
1816 3915 1911 3972 esse
1947 3888 2117 3996 debent,

472 4007 627 4123 quibus
648 4009 889 4116 Propositus
911 4008 1088 4119 singulis
1111 4007 1229 4090 annis
1249 4007 1421 4090 cuilibet
1439 4036 1513 4120 per
1534 4007 1720 4092 Marcam
1741 4009 1927 4120 Argenti.
1948 4035 2024 4120 pro
2039 4037 2118 4092 ue·
2267 4047 2273 4056 ¹

474 4129 608 4214 stibus
631 4127 761 4211 dabit.
785 4137 827 4208 et
848 4125 1068 4211 Sororibus
1105 4127 1288 4209 similiter
1315 4127 1351 4209 si
1371 4129 1439 4210 ita
1459 4129 1607 4210 domus
1643 4125 1837 4212 sufficere
1856 4129 2022 4240 poterib
2070 4127 2118 4214 Si

474 4259 616 4334 autem
638 4250 690 4331 de
707 4241 862 4330 Ordine
883 4244 998 4328 beati
1018 4243 1238 4326 Benedicti
1264 4247 1439 4329 transire
1468 4247 1688 4349 uoluerint,
1730 4247 1781 4332 de
1817 4248 2038 4332 uoluntate
2074 4257 2118 4331 et

476 4370 662 4456 Consilio
674 4367 829 4452 domini
840 4363 1041 4478 Episcopi
1052 4361 1105 4448 ad
1118 4362 1317 4449 Ordinem
1327 4363 1648 4452 Oisterciensem
1659 4367 1909 4452 transibunt.
1931 4367 2020 4454 Nos
2041 4395 2116 4450 uo·

575 4609 616 4774 lll
639 4607 1057 4794 ll⁰ell³s⁸rhhgeographiois
1072 4689 1179 4778 Regni
1196 4687 1354 4757 Gallicias
1370 4687 1519 4756 Reimani
1534 4711 1563 4753 a.
1581 4689 1673 4754 1797.
1696 4686 1886 4774 villa-qnae
1899 4687 1932 4754 in
1948 4685 2114 4754 territorio

366 4768 369 4784 ’
473 4777 623 4862 antiquae
632 4775 858 4846 Craeovreusrs
870 4775 1092 4866 Reipublicae,
1105 4799 1169 4843 non
1182 4777 1296 4864 procul
1308 4777 1348 4842 ab
1359 4774 1484 4864 oppido
1495 4775 1623 4858 Bobrek,
1636 4774 1846 4854 luinidicta,
1859 4773 2032 4851 invenitur,
2045 4773 2113 4838 fon

472 4874 561 4931 rasse
586 4869 638 4926 est
651 4873 766 4928 nostra
780 4863 857 4928 villa
869 4865 992 4952 Liziny.
