4856 5932
1090 782 1141 798 -·
1242 743 1602 820 368-··

449 953 686 1040 chouiense.
703 960 744 1033 et
763 947 1064 1033 Monasterium
1097 947 1150 1030 de
1173 939 1401 1054 'Stoauntlcp
1437 971 1564 1056 super
1597 945 1820 1056 piscaturis
1843 892 2104 1032 ascensibus

446 1101 500 1158 ex
522 1071 743 1156 antedictis
764 1066 946 1151 lacubus
967 1065 1325 1176 prouenientibus,
1358 1061 1725 1176 Quapropter‘nos
1748 1064 1930 1149 Michael
1949 1065 2106 1176 Prepo-

335 1213 341 1222 '
446 1195 550 1278 situs
572 1219 669 1277 cum
690 1188 915 1275 Oonuentu
945 1196 1086 1272 nostro
1118 1184 1360 1294 Monasterij
1382 1185 1693 1270 Mechouiensis
1717 1184 1770 1267 ad
1792 1185 2020 1294 sopiendas
2044 1185 2106 1270 di·

207 1315 211 1334 ‘
362 1387 364 1392 .
447 1319 538 1398 ctas
556 1311 653 1408 lites
675 1319 718 1392 et
738 1306 970 1393 discordias
1006 1332 1082 1416 pro
1118 1304 1231 1391 bono
1266 1308 1385 1412 pacis
1423 1307 1519 1388 cum
1557 1303 1791 1388 honorabili
1813 1333 1863 1387 ac
1885 1305 2104 1418 Religioso

444 1435 533 1518 uiro
557 1429 724 1514 domino
742 1427 918 1510 Derslao
940 1425 1153 1535 preposito
1177 1435 1219 1508 e't
1240 1433 1452 1509 conuentu
1478 1449 1555 1507 suo
1577 1422 1818 1534 Monasterij
1843 1424 1894 1506 de
1917 1423 2107 1506 Stoaout·

444 1547 495 1663 lup
518 1549 774 1632 antedictam
812 1547 1123 1630 ordinacionem
1143 1573 1219 1653 per
1241 1551 1529 1627 antecessores
1560 1555 1725 1634 nostros
1747 1547 1808 1625 sic
1831 1552 1879 1626 ut
1900 1545 2107 1654 premitti·
2162 1644 2166 1654 ¹
2289 1585 2300 1612 ·

443 1681 512 1756 tur
533 1668 693 1752 factam
713 1694 789 1778 pro
810 1659 1086 1774 percepcione
1109 1665 1333 1748 utilitatum
1351 1692 1402 1746 ex
1419 1663 1541 1746 dictis
1563 1661 1742 1746 lacubus
1764 1663 2105 1772 proueniencium

445 1790 683 1874 anullantes
716 1783 833 1899 (sic),¹
857 1784 1131 1867 amicabiliter
1162 1783 1446 1868 ordinauimus
1479 1793 1522 1864 ct
1551 1784 1818 1890 presentibus
1851 1781 2104 1887 ordinamus,

337 1965 339 1970 -
444 1908 562 2022 quod
582 1904 768 2018 prefatos
804 1904 1004 1989 utilitates
1027 1933 1078 1986 ex
1100 1901 1271 2012 prefatis
1306 1901 1484 1986 lacubus
1519 1903 1839 2011 prouenientes‚
1861 1911 1910 1984 ut
1928 1902 2105 2011 premis-

443 2055 540 2110 sum
561 2035 627 2110 est
646 2017 770 2108 factis
792 2026 897 2106 etin
919 2022 1042 2106 simul
1070 2023 1224 2106 iunctis
1245 2021 1530 2131 interpolatim
1552 2047 1630 2102 seu
1651 2019 1819 2102 alternis
1841 2020 2007 2104 uicibus
2030 2021 2105 2105 de-

440 2145 590 2233 bemus
611 2147 830 2254 percipere
854 2153 896 2225 et
916 2143 1105 2252 optinere
1129 2139 1239 2255 (sic),
1260 2141 1327 2225 Ita
1348 2141 1554 2224 uidelicet.
1593 2141 1711 2252 quod
1730 2139 1844 2224 idem
1865 2143 2103 2250 prepositus

438 2263 682 2372 Monasterij
707 2263 759 2346 de
781 2260 999 2371 Stuuoutlry
1022 2271 1064 2344 et
1085 2285 1351 2346 successores
1382 2259 1448 2342 sui
1477 2287 1561 2344 uno
1593 2287 1703 2343 anno
1735 2287 1878 2344 omnes
1899 2259 2101 2344 utilitates
2226 2260 2231 2268 ’

440 2411 492 2470 ex
510 2371 711 2494 predictis
733 2379 915 2466 lacubus
936 2381 1234 2489 prouenientes
1255 2383 1344 2464 siue
1364 2379 1407 2461 in
1428 2377 1654 2489 piscaturis
1676 2379 1768 2460 siue
1789 2379 1829 2460 in
1843 2378 2101 2464 ¹vendicione

439 2502 664 2588 habebunt
682 2499 941 2611 percipiendi
960 2498 1138 2584 liberam
1162 2510 1205 2584 et
1226 2498 1509 2584 omnimodam
1528 2506 1783 2608 potestatem
1803 2497 1997 2585 Similiter
2018 2499 2101 2585 alio

438 2649 551 2706 anno
573 2649 649 2706 nos
672 2631 715 2704 et
735 2646 1002 2704 successores
1034 2621 1165 2703 nostri
1196 2646 1340 2703 omnes
1371 2619 1576 2701 utilitates
1598 2645 1648 2700 ex
1669 2619 1753 2700 iam
1774 2615 1898 2700 dictis
1919 2616 2102 2704 lacubus

440 2742 739 2854 prouenientes
772 2745 862 2822 siue
883 2741 927 2820 in
946 2739 1173 2855 piscaturis
1210 2740 1301 2820 siue
1321 2739 1365 2818 in
1385 2737 1633 2822 vendicione
1656 2735 1926 2838 ‚habebimus
1966 2738 2105 2848 perci-

440 2862 584 2974 piendi
603 2860 777 2944 liberam
797 2869 839 2942 et
855 2859 1136 2944 omnimodam
1158 2865 1423 2966 potestatem.
1454 2855 1512 2940 Et
1531 2857 1593 2940 sic
1613 2857 1887 2967 permutatim
1907 2857 1999 2965 ipse
2015 2883 2100 2942 uno

442 3008 566 3084 annu,
589 2990 632 3063 et
649 3006 727 3064 nos
749 2978 828 3065 alio
849 2976 1038 3087 prefatos
1058 2977 1176 3060 lacus
1200 3005 1296 3059 cum
1319 2973 1513 3061 omnibus
1547 2977 1734 3086 ipsorum
1756 2974 2004 3058 utilitatibus
2027 2975 2104 3058 de·

399 3133 401 3136 ·
441 3100 592 3186 bemus
614 3109 819 3212 perpetuo
850 3097 1082 3206 possidere.
1134 3093 1415 3208 Prefatusque'
1453 3104 1697 3179 conductus
1718 3119 1795 3175 seu
1816 3093 2031 3190 ordinacio
2051 3103 2101 3178 ut
2251 3114 2256 3122 ’
2351 3195 2354 3203 Ι
2411 3141 2412 3148 ¹

337 3263 339 3268 ·
442 3220 693 3332 premissum
715 3227 780 3315 est
800 3219 1005 3299 internos
1027 3213 1144 3298 facta
1166 3212 1220 3298 ab
1241 3215 1431 3326 utrisque
1453 3211 1719 3322 Monasterijs
1740 3203 1883 3298 nostro
1904 3213 2103 3299 uidelicet

441 3337 732 3425 Mechouiensi
753 3346 796 3419 et
817 3335 1072 3420 Monasterio
1095 3335 1147 3416 de
1170 3333 1389 3444 Stunoutlcp
1412 3333 1540 3423 debet
1559 3331 1855 3418 inuiolabiliter
1886 3329 2104 3416 obseruari
2133 3395 2135 3400 -

443 3487 495 3544 ac
515 3461 812 3569 inperpetuum
832 3457 1091 3562 permanere.
1124 3453 1172 3538 In
1196 3451 1327 3538 Ouius
1348 3454 1409 3536 rei
1429 3455 1717 3537 testimonium
1737 3460 1929 3546 nostrum
1949 3453 2103 3536 nostri·

442 3606 528 3690 que
551 3578 798 3664 Conuentus
821 3573 970 3686 Sigilla
991 3571 1260 3683 presentibus
1282 3581 1381 3655 sunt
1402 3601 1593 3685 appensa
1612 3570 1773 3656 Datum
1787 3574 1831 3653 in
1847 3569 2102 3658 Monasterio

441 3707 583 3781 nostro
625 3696 914 3782 Mechouiensi
953 3695 1143 3806 predicto
1164 3691 1268 3775 feria
1288 3701 1408 3776 sexta
1427 3696 1520 3804 ipso
1543 3693 1609 3775 die
1632 3691 1748 3775 beati
1768 3689 1980 3774 Leonardi
2001 3715 2102 3774 con·

441 3813 610 3899 sessoris
633 3815 812 3926 gloriosi¹
826 3813 950 3898 Anno
973 3814 1128 3900 domini
1147 3811 1213 3896 Μ0
1233 3810 1408 3898 0000ο
1429 3808 1861 3922 quintopresentibus
1882 3808 1962 3918 hijs
1982 3809 2103 3892 testi·

439 3935 522 4020 bus
563 3933 875 4018 uenerabilibus
907 3961 957 4016 ac
988 3933 1214 4044 Religiosis
1246 3941 1290 4012 et
1318 3929 1543 4016 Nobilibus
1573 3930 1672 4015 uiris
1705 3929 1881 4014 dominis
1903 3924 2102 4012 Johanne
2147 4029 2150 4036 .

418 4051 614 4140 'Abbate
638 4053 690 4134 de
713 4049 868 4163 Mopz'lu
889 4051 994 4134 alias
1018 4053 1068 4134 de
1092 4053 1207 4134 clara
1237 4049 1385 4133 tumba
1407 4048 1598 4162 Stogneo
1620 4049 1834 4160 preposito
1857 4045 1910 4127 de
1933 4046 2102 4131 Suara-

440 4201 532 4258 aeoz
544 4168 739 4257 ‘Jascone
763 4171 815 4252 de
835 4167 1091 4253 Polurrour'oze
1104 4169 1157 4278 (³)
1175 4167 1335 4250 Mathia
1353 4169 1404 4250 de
1422 4166 1720 4252 Micluszour'cze
1739 4165 1794 4280 (⁴)
1817 4165 1919 4250 alias
1940 4164 2100 4250 Psztro-

401 4357 406 4366 .
442 4292 511 4403 alep
534 4291 794 4377 Venczeslao
818 4289 931 4372 dicto
953 4287 1076 4370 brodo
1098 4289 1149 4368 de
1177 4283 1221 4368 U
1220 4283 1302 4368 luiso
1318 4287 1377 4398 (⁵)
1396 4296 1439 4370 et
1458 4285 1658 4374 dobarrne
1680 4287 1732 4370 de
1752 4285 1925 4370 Rusco'w
1948 4285 2003 4399 (ὓ)
2024 4285 2100 4369 he·
2195 4326 2196 4329 κ

441 4413 612 4550 redibps
634 4441 686 4496 ac
707 4408 798 4520 alijs
820 4405 1140 4522 quampluribus
1161 4405 1401 4518 fidedignis.

547 4667 585 4746 (³l
609 4665 810 4741 Polaaowire,
825 4661 904 4726 uilla
919 4659 1109 4747 prouinciae
1125 4667 1159 4723 et
1173 4657 1318 4745 regionis
1335 4659 1582 4738 Oracoriensis,
1598 4657 1774 4759 parochiae
1790 4654 2025 4743 Goszyccnsis.
2160 4733 2162 4738 ,

546 4751 589 4829 (⁴)
612 4751 843 4822 Mitiusaouica
859 4745 936 4814 uilla
951 4745 1095 4832 regionis
1111 4743 1354 4822 Orchomenus,
1369 4745 1547 4834 parochiae
1562 4741 1885 4812 Mrkluarwioensis
1900 4741 1935 4808 in
1950 4738 2101 4811 Gallicis.

548 4839 586 4915 (ἢ
616 4835 722 4910 Uiruo,
738 4833 913 4918 parochiae
929 4843 1040 4918 caput,
1056 4830 1181 4896 villain
1197 4829 1356 4912 Xiatensi
1367 4832 1516 4920 regione.
1543 4834 1545 4838 ’

548 4923 586 5002 (⁶)
610 4917 769 4997 Rosciam,
792 4919 869 4984 uilla
883 4917 1090 4987 Lelouiensis
1106 4914 1259 5004 regionis,
1274 4917 1453 5007 parochiae
1469 4915 1514 4984 ad
1527 4915 1646 5008 Stupio
1662 4913 1856 5002 spectantis.
