4890 5924
915 660 1287 784 '-·rar-'-

171 977 176 988 .
318 935 447 1018 quam
468 905 619 989 nauis
640 904 752 984 hanc
771 903 934 1000 literam
954 901 1223 1011 inspecturis,
1242 908 1364 1009 Quod
1380 923 1593 1030 cupientes
1610 953 1786 1041 um,
1822 980 1866 1029 s„

317 1029 448 1112 nostri
482 1021 740 1134 peramplius
777 1021 1007 1128 ample'are,
1043 1020 1246 1115 Discretis
1266 1029 1363 1110 viris
1383 1033 1555 1128 Nicolao
1576 1016 1695 1142 (Μ
1723 1073 1751 1147 ‘2'
1773 1011 1798 1055 ¹
1819 1020 1952 1084 aas„

319 1153 364 1227 et
382 1145 628 1228 Hermanno
653 1138 964 1220 damusvillam
984 1138 1027 1218 in
1048 1139 1176 1222 fluvio
1208 1141 1282 1250 qui
1300 1144 1471 1232 Situicza
1492 1157 1640 1248 dicitur
1661 1173 1730 1258 an
1758 1121 1951 1188 *mistam

392 1260 414 1276 ..
852 1256 861 1274 ι
1174 1251 1185 1272 „
1731 1191 1823 1274 rrius
1845 1235 1928 1288 rra-t

317 1259 468 1370 Beqoz.
521 1258 627 1342 ¹dure
648 1255 917 1338 Theutonrco
954 1257 1071 1364 quod
1106 1255 1450 1368 Maydburgense
1481 1296 1755 1394 nuncupatur,
1774 1325 1855 1406 qna
1877 1258 1967 1408 emi

231 1434 233 1438 -
317 1375 497 1460 habebit
529 1378 573 1458 in
607 1373 807 1462 limitibus
839 1369 925 1454 suis
958 1374 1183 1482 sexaginta
1223 1401 1392 1458 mansos
1431 1381 1619 1492 locandi,
1661 1399 1905 1510 disponendi
1926 1451 1968 1517 g

316 1519 486 1588 mansos
522 1490 792 1574 mensurandi
833 1490 1114 1603 omnimodam
1157 1499 1425 1598 potestatem.
1485 1497 1536 1579 In
1572 1532 1657 1612 qua
1691 1517 1790 1602 villa
1824 1529 1932 1625 ‘laur

315 1611 516 1718 predictis
539 1609 718 1692 Nicolao
741 1617 783 1690 et
803 1607 1051 1691 Hermanno
1076 1617 1117 1688 et
1140 1635 1283 1692 eorum
1304 1611 1484 1718 posteris
1507 1618 1750 1712 sculteciam
1771 1571 1971 1748 porpuiul?

316 1728 569 1829 tenendam,
591 1724 835 1809 habendam
845 1773 857 1828 1,
880 1725 1142 1829 donandam,
1165 1726 1433 1820 vendendam
1455 1741 1752 1827 comutandam
1772 1777 1823 1832 ac
1842 1698 1975 1862 pungi:

317 1844 499 1926 dandam
520 1871 597 1952 pro
619 1871 698 1926 sua
721 1851 764 1924 et
784 1839 1252 1950 suorum'posterorum
1283 1841 1502 1926 voluntate
1536 1859 1849 1949 quomodolibet
1878 1901 1977 1964 eon.

315 1961 586 2065 vertendam3
625 1961 782 2071 quibus
820 1958 1021 2044 Scultetis
1056 1960 1227 2044 racione
1266 1982 1411 2044 eorum
1436 1958 1660 2048 Scultecie
1685 1981 1726 2050 et
1760 2003 1977 2074 successo·

157 2179 161 2190 ὓ
312 2078 432 2163 ribus
452 2081 638 2188 ipsorum
659 2087 866 2189 perpetuo
888 2086 932 2158 et
951 2079 1043 2160 iura
1064 2067 1319 2162 hereditario
1342 2077 1492 2160 damus
1515 2103 1590 2163 sex
1608 2108 1778 2169 mansos
1813 2093 1965 2190 liberos

313 2196 554 2282 Molendina
592 2197 818 2304 quotquod
853 2204 1035 2302 possunt
1068 2193 1211 2277 facere
1248 2193 1358 2278 infra
1392 2195 1544 2281 limites
1583 2195 1695 2278 dicte
1736 2171 1978 2302 hereditarii

311 2313 463 2420 libera,
479 2313 710 2424 'Camarum
733 2339 912 2421 panum⁷
932 2313 1141 2416 carnium,
1164 2323 1376 2416 sutorum,
1407 2311 1616 2394 tabernas
1631 2314 1735 2396 duas
1757 2315 1981 2414 Brascat0,.

313 2432 441 2536 rium,
477 2433 661 2540 piscinas
700 2430 828 2531 duas,
863 2428 1096 2537 licebitque
1135 2431 1259 2512 dictis
1292 2428 1497 2513 Scultetis
1521 2438 1564 2511 et
1583 2433 1765 2538 posteris
1796 2436 1983 2541 ipsorum

264 2599 267 2606 ·
313 2549 468 2658 piscari
488 2547 599 2630 infra
617 2547 769 2630 limites
792 2547 904 2628 dicto
924 2547 1189 2650 hereditatis,
1219 2547 1397 2629 tercium
1429 2547 1648 2646 denarium
1671 2547 1724 2628 de
1746 2546 1917 2638 Judicio
1939 2561 1981 2641 in

315 2655 457 2748 causis
478 2675 567 2747 tam
586 2667 755 2776 magnis
793 2690 924 2772 quam
958 2666 1120 2773 parvis,
1159 2657 1326 2750 duobus
1364 2664 1571 2748 duntaxat
1589 2692 1666 2773 pro
1688 2663 1810 2750 nobis
1845 2694 1979 2755 reser-

312 2785 444 2888 vatis,
467 2789 632 2866 sextum
653 2809 753 2865 vero
776 2782 995 2865 denarium
1018 2782 1070 2863 de
1093 2809 1235 2887 censu,
1257 2811 1390 2864 unum
1411 2808 1607 2863 mansum
1626 2809 1703 2889 pro
1726 2809 1860 2892 grege
1895 2789 1984 2892 pel-

313 2901 438 2991 lendo
462 2899 580 3010 quod
600 2899 807 2982 Scotnr'oao
839 2899 1003 3006 dicitru,
1025 2908 1069 2982 et
1087 2927 1218 2982 unum
1250 2927 1325 3008 pro
1367 2898 1561 2981 Ecclesia
1593 2899 1731 3007 dictus
1765 2897 1999 2984 Scultetus.

314 3028 413 3114 ante
437 3020 578 3103 omnia
600 3016 729 3098 debet
747 3043 1013 3122 mensurare;
1054 3029 1412 3127 removemusque
1449 3045 1476 3098 a
1496 3016 1690 3122 predicta
1720 3015 1822 3100 villa
1843 3022 1984 3120 omnia

244 3226 247 3244 ἱ
312 3133 420 3220 dura
454 3133 733 3238 Polonicalia‚
770 3136 968 3244 angarias
1007 3142 1049 3216 et
1083 3134 1369 3245 preangarias
1405 3131 1732 3245 qualescunque
1766 3135 1827 3216 ita
1865 3139 1983 3246 quod
2025 3209 2027 3215 ,

312 3253 577 3356 Kmethones
615 3252 728 3334 dicte
764 3249 864 3334 ville
902 3267 1045 3336 coram
1079 3253 1200 3338 nullo
1237 3248 1408 3362 ‚Iudice
1439 3251 1673 3338 Polonicali
1716 3251 1876 3337 debent
1914 3281 1982 3336 re-

219 3385 221 3392 ’
312 3371 520 3479 spondere
555 3371 637 3452 n'isi
673 3363 818 3454 coram
854 3367 1056 3454 Sordtetis
1093 3369 1205 3455 dicte
1236 3369 1357 3474 ville,
1389 3368 1570 3454 Sculteti
1600 3395 1700 3454 vero
1734 3395 1877 3460 coram
1899 3369 1981 3456 Ju-

293 3489 410 3570 dl'ce
433 3484 595 3573 “nostro
634 3487 929 3592 theutonicali,
955 3542 960 3552 -
982 3489 1082 3570 dum
1122 3517 1199 3596 per
1238 3495 1426 3575 nostram
1460 3488 1627 3570 literam
1666 3485 1822 3571 fuerint
1863 3489 2002 3572 citati·

311 3603 417 3689 Jure
458 3604 704 3691 theutonico
745 3606 940 3716 predictox
976 3606 1234 3714 respondere
1265 3591 1554 3708 tenebuntur,
1591 3603 1824 3686 secundum
1863 3609 1981 3714 quod

312 3725 450 3831 ipsum
486 3722 569 3806 dus
604 3724 896 3809 theutonicum
936 3723 1126 3834 requirit.
1188 3725 1246 3809 Et
1285 3729 1334 3805 ut
1374 3723 1491 3804 dicta
1531 3721 1628 3810 villa
1670 3722 1801 3803 cicius
1843 3725 1981 3832 possit
2054 3767 2056 3774 ·

311 3841 459 3946 locari,
497 3841 693 3926 omnibus
716 3851 761 3925 et
780 3839 962 3954 singulis
996 3841 1310 3926 Kmethonibus
1348 3838 1470 3921 dicte
1491 3839 1591 3923 ville
1632 3867 1660 3921 a
1682 3841 1783 3923 data
1802 3865 1980 3951 presen-

311 3957 421 4042 cium
458 3960 515 4042 ad
550 3960 702 4070 viginti
739 3986 872 4072 annos
910 3960 1060 4044 damus
1097 3961 1358 4045 asolucione
1396 3984 1548 4041 census
1573 3966 1615 4042 et
1635 3957 1730 4067 alys
1770 3959 1979 4066 quibusli-

312 4073 385 4158 bet
421 4076 708 4162 solueionibus
745 4106 797 4161 ao
834 4079 1011 4163 servicio
1054 4078 1337 4164 omnimodam
1377 4069 1637 4184 libertatem,
1679 4073 1777 4177 Qua
1819 4077 1975 4188 elapsa,

312 4201 467 4277 sxnmc
487 4194 753 4282 Kmethones
776 4196 836 4278 de
851 4196 1043 4307 quolibet
1072 4205 1220 4281 man'so
1240 4196 1411 4280 racione
1432 4221 1586 4278 census
1606 4225 1682 4306 per
1703 4203 1800 4279 octo
1822 4194 1996 4297 scotos,'

289 4321 356 4394 ·st
374 4337 452 4422 pro
474 4312 639 4396 decima
670 4326 750 4424 'per
784 4312 989 4424 fertonem
1009 4317 1054 4396 in
1074 4313 1183 4399 festo
1218 4314 1337 4398 beati
1372 4311 1539 4413 Martini
1576 4316 1757 4398 solvent.
1797 4312 1978 4397 Scultoti

209 4421 250 4498 ἧ
308 4425 409 4514 vcro
432 4436 475 4511 et
495 4423 561 4516 'su
579 4434 740 4539 'posteri
762 4431 825 4517 ad
842 4432 1157 4543 expedicionem
1191 4461 1287 4515 cum
1307 4457 1393 4515 uno
1415 4429 1582 4513 homine
1604 4433 1648 4512 in
1667 4431 1819 4540 plactis
1840 4431 1909 4522 vel
1929 4433 1993 4514 inw
2037 4527 2042 4538 Ι
2087 4481 2092 4492 ·

309 4546 579 4660 pancerio&
591 4549 849 4634 tenebuntur
870 4552 1039 4634 servire.
1072 4548 1141 4632 Ad
1161 4551 1243 4634 tria
1258 4548 1432 4634 Judicia
1453 4576 1698 4659 magnaque
1720 4557 1783 4632 ter
1802 4549 1848 4662 iq
1864 4577 1972 4632 anno
2063 4595 2066 4602 ,

409 4803 453 4887 (a)
476 4777 623 4892 pam,
639 4807 777 4878 verbum
789 4807 980 4895 polonicum
996 4807 1191 4896 significans
1204 4817 1330 4875 certum
1345 4827 1508 4873 armorum
1523 4820 1655 4892 genua,
1683 4863 1686 4868 .
1720 4791 1723 4807 ’
1870 4812 1878 4896 J
