4822 5924
1082 677 1357 752 -slo-

1134 975 1311 1096 ctvn.

772 1232 903 1319 Sine
920 1231 1151 1321 loco-8
1168 1233 1331 1318 Junci
1346 1229 1486 1322 1316
1505 1252 1671 1319 meno.

513 1455 632 1553 sputo
652 1456 761 1530 lactes
774 1453 813 1527 de
828 1457 1000 1524 Krobialos
1023 1453 1173 1545 sustinui
1186 1454 1225 1528 ds
1239 1453 1362 1525 Setaea
1375 1455 1483 1530 sillem
1496 1469 1586 1530 mm
1599 1454 1748 1548 papum
1761 1445 1866 1529 sulit
1881 1456 1931 1539 (¹).

499 1667 590 1752 Nos
620 1665 754 1753 Pclka
783 1661 925 1749 Judex
947 1671 989 1747 et
1007 1661 1177 1747 Marcus
1208 1661 1416 1774 subjudex
1455 1663 1807 1749 sandomirienses
1846 1665 2049 1750 vniucrsis

401 1785 557 1900 quibus
595 1785 764 1897 expedit
797 1791 1044 1895 prestamur.
1083 1779 1223 1882 Quod
1257 1780 1467 1867 accedens
1490 1783 1543 1868 ad
1565 1777 1752 1869 nostram
1792 1785 2051 1893 presenciam

398 1915 720 2017 nostrorumque
756 1929 1016 1987 assessorum
1057 1901 1208 1986 nobilis
1240 1903 1302 1986 vir
1335 1901 1483 2014 Spitko
1514 1902 1622 1987 filius
1653 1902 1816 2014 Bogusi
1838 1903 1890 1985 de
1914 1899 2053 1987 orote-

259 2033 264 2038 ’
400 2023 474 2109 licz
494 2022 547 2138 (⁹)
570 2050 698 2106 sanus
729 2031 870 2108 mente
891 2031 935 2103 et
955 2047 1127 2131 corpore
1160 2049 1255 2104 cum
1285 2021 1400 2107 bona
1429 2023 1560 2134 ipsius
1580 2023 1795 2107 voluntate
1817 2050 1937 2105 suam
1957 2052 2053 2136 pre·

402 2144 558 2227 dictam
589 2143 869 2225 hereditatem
892 2167 976 2250 que
998 2140 1265 2224 extennditur
1285 2167 1362 2224 seu
1380 2144 1494 2225 iacet
1512 2169 1659 2226 versus
1689 2141 1829 2228 villam
1849 2169 1925 2251 pro
1948 2143 2053 2230 duo·
2084 2177 2085 2180 ‘

294 2324 297 2332 ‚
401 2263 538 2345 decim
555 2259 708 2344 marcis
730 2286 974 2372 grossorum
994 2269 1160 2344 monete
1180 2259 1423 2370 polonicalis
1439 2261 1629 2346 vendidit
1644 2290 1695 2344 ac
1710 2259 1880 2372 publice
1896 2262 1940 2343 in
1954 2291 2051 2376 per-

399 2392 574 2490 potuum
596 2381 828 2492 resignauit
848 2377 978 2462 nobili
996 2381 1084 2463 viro
1103 2377 1296 2490 Spitkoni
1317 2377 1460 2464 heredi
1482 2381 1534 2463 de
1557 2379 1722 2465 Szczccu
1758 2405 1840 2488 que
1861 2381 2052 2492 predicta

400 2499 611 2583 hereditas
634 2503 715 2583 sita
738 2506 803 2580 est
823 2497 866 2579 in
886 2497 1120 2582 hereditate
1143 2499 1256 2580 dicta
1279 2493 1502 2600 Crudelicze,
1534 2497 1795 2603 habendam,
1825 2500 2053 2584 tenendam

400 2617 686 2724 vendendam,
706 2617 1049 2729 permutandam,
1072 2617 1309 2703 donandam
1332 2627 1374 2702 ct
1394 2619 1449 2702 ad
1469 2646 1571 2704 usus
1592 2620 1657 2702 sni
1676 2619 1934 2731 beneplaciti
1954 2647 2054 2705 con-

372 2738 649 2822 xeuertendam
686 2765 737 2821 ac
771 2737 816 2819 in
846 2743 1096 2847 perpetuum
1133 2765 1229 2820 cum
1264 2765 1343 2830 sua
1381 2739 1571 2851 legitima
1599 2739 1715 2850 prole
1756 2739 2055 2850 possidendam

402 2884 532 2968 quam
552 2857 844 2941 vendicionem
865 2863 908 2938 et
923 2859 1183 2965 empcionem
1204 2856 1459 2966 ratificando
1473 2855 1769 2942 confirmamus
1790 2860 1834 2942 in
1856 2861 1974 2942 cuius
1994 2859 2054 2942 rei

401 2975 687 3060 testimonium
723 2983 868 3062 nostra
903 2975 1043 3086 sigilla
1076 2975 1174 3059 huic
1210 2975 1330 3058 litere
1365 2985 1465 3060 sunt
1494 3005 1654 3088 apansa
1685 2977 1842 3062 Actum
1863 2980 1905 3060 in
1925 2977 2053 3063 Festo

401 3105 550 3180 sancte
573 3102 616 3176 et
634 3095 850 3179 indiuidue
872 3093 1103 3178 Trinitatis.
1155 3093 1277 3178 Anno
1300 3095 1453 3179 domini
1474 3093 1822 3183 MOOOLXXVI
1851 3097 2055 3208 presenti·

401 3215 483 3298 bus
504 3214 584 3324 hijs
605 3212 815 3300 nobilibus
851 3213 1067 3300 Dobeslao
1089 3213 1279 3299 Palatino
1302 3211 1575 3300 Oracoviensi
1595 3214 1650 3330 (³)
1683 3215 1839 3301 Ottone
1869 3216 2054 3328 palatino

404 3334 731 3420 Sandomiricnsi
752 3331 807 3447 (⁴)
839 3334 1015 3417 dominis
1037 3333 1231 3440 Suauisio
1251 3331 1537 3444 Woyniciensi
1557 3335 1612 3450 (⁵)
1653 3336 1827 3421 Nicolao
1859 3337 2057 3422 zauicho·

403 3451 614 3568 stiensi(⁶)
634 3452 811 3538 dominis
834 3453 1074 3537 castellanis
1095 3452 1257 3538 Mathia
1278 3453 1525 3539 cancellario
1546 3452 1801 3540 Dobrinensi
1824 3453 2056 3572 Sangneuo

402 3572 557 3658 herede
580 3571 634 3654 dc
656 3569 828 3685 Stapozu
845 3569 900 3686 (¹)
924 3583 966 3694 ct
986 3571 1076 3657 aliis
1098 3571 1435 3688 quamplurimis
1457 3571 1541 3656 fide
1565 3575 1716 3686 dignis.

509 3807 547 3888 (¹)
572 3805 700 3955 Tlappzla
712 3805 924 3875 illustrissimi
939 3807 1063 3875 Leonis
1073 3805 1336 3894 Rzyszozewscii
1349 3808 1493 3895 propria
1516 3807 1555 3873 In
1566 3805 1665 3874 dorso
1680 3831 1760 3876 vcro
1775 3809 1904 3876 tabulae
1920 3811 2056 3898 inserip-

406 3901 460 3958 ωε
476 3911 751 4056 alllluslsr·ol>ids'cc,
767 3975 848 4042 duae
864 3975 960 4041 villae
975 3986 1052 4043 suut
1066 3978 1213 4064 ejusdcm
1225 3977 1376 4054 nominis,
1391 3977 1425 4044 in
1442 3975 1700 4047 Sandomirisnsi
1721 3981 1884 4047 territorio
1901 3993 1935 4048 et
1948 3982 2056 4072 regio-

405 4083 457 4211 np,
475 4059 577 4210 altpirff
591 4060 768 4212 ppsrpppiae
792 4059 1054 4147 Mydlowiensis,
1085 4063 1187 4129 altera
1213 4086 1293 4130 vero
1323 4063 1539 4132 Goslicensis.
1572 4063 1776 4132 Goslicensis
1798 4067 1975 4152 parochiae
2005 4083 2056 4138 est

407 4169 503 4212 eram
576 4167 595 4207 a
642 4171 660 4210 r
707 4168 760 4212 uc.

512 4233 550 4314 (³)
573 4229 771 4296 Dobieslaus
786 4227 825 4296 de
843 4233 1030 4312 Kusozwctt.

514 4314 551 4396 (ἢ
576 4312 657 4381 Otto
674 4313 715 4382 de
732 4315 843 4400 Pilosa,
859 4317 987 4405 zPitcy.
1558 4368 1559 4372 ,

515 4404 553 4482 (ὅ)
577 4400 722 4466 Ζαιυίεια
731 4403 801 4486 jam
815 4423 924 4468 mense
939 4403 1090 4489 Augusto
1107 4402 1198 4481 1366,
1215 4401 1412 4470 castellanus
1429 4403 1712 4472 Sandomirisnsis
1735 4405 1833 4475 Ocni.
1847 4427 1934 4493 opus
1947 4407 2059 4477 lands-

409 4495 479 4552 tum
494 4485 663 4568 „Dotatck
677 4486 922 4576 tygodniouy‚”
941 4490 1019 4556 1851
1050 4487 1102 4558 ΝΟ.
1117 4489 1168 4554 82.
1202 4487 1304 4575 Apud
1317 4487 1541 4568 Nicsicccium,
1553 4489 1698 4562 Joanncs
1710 4489 1751 4556 de
1764 4489 1893 4579 Teczyn
1907 4495 2057 4562 castella·

410 4594 472 4638 nus
487 4570 771 4652 Sandomiriensis‚
786 4573 823 4638 fit
838 4573 999 4660 palatinus
1014 4537 1244 4641 (traconensis
1260 4595 1288 4638 a.
1303 4577 1394 4652 1369,
1410 4575 1499 4660 quod
1511 4575 1672 4660 videmus,
1689 4575 1806 4644 falsum
1821 4585 1884 4666 est*

517 4658 555 4735 (ὃ)
577 4655 730 4725 Nicolaus
744 4659 831 4726 Rosa
845 4659 885 4726 dc
899 4659 933 4726 B
991 4661 1118 4742 scenice,
1137 4657 1274 4748 insignis
1290 4658 1397 4752 Poraj.

490 4740 574 4893 ὦ
582 4740 726 4830 Slupczc,
741 4752 792 4812 est
805 4743 883 4814 villa
896 4745 963 4816 san
990 4743 1169 4815 omiriensis
1184 4745 1282 4814 eriam
1300 4746 1454 4833 regionis,
1482 4743 1658 4835 parochiae
1679 4767 1759 4814 vero
1777 4745 1819 4812 ad
1839 4743 1947 4814 villam
1974 4747 2058 4842 Gany

411 4849 489 4918 spec
575 4848 600 4892 s.
