4822 5924
1130 736 1178 752 -
1220 645 1307 778 'aaa
1362 736 1411 750 -

1173 1099 1366 1217 oxxrx.
1439 1039 1476 1124 ⁹
1593 1235 1598 1242 ,

517 1379 522 1396 κ
542 1301 554 1352 ”
685 1301 1001 1478 cracoviae
1015 1399 1061 1418 -
1075 1375 1262 1440 menae
1279 1355 1520 1460 Ancurae
1537 1349 1677 1442 1³81
1695 1375 1863 1444 um·

432 1575 556 1654 labiles
570 1582 671 1654 tanao
687 1576 898 1650 orrannum
913 1577 1030 1650 lanu
1043 1574 1083 1648 1ο
1099 1574 1280 1664 sazydlno,
1296 1573 1428 1646 zerim
1441 1571 1480 1646 to
1496 1575 1696 1656 rosbecca,
1710 1573 1852 1650 Ιιωιω
1864 1573 1904 1650 aa
1917 1577 2107 1650 amm.
2136 1659 2144 1674 ι

456 1709 507 1772 ny,
524 1681 683 1756 tunultu
698 1679 736 1756 lc
751 1681 885 1748 Konna
901 1682 935 1752 ot
949 1675 1121 1752 sumtu
1142 1675 1181 1748 tr
1207 1677 1338 1766 Topazo,
1359 1675 1506 1750 aarum
1528 1675 1693 1766 parochiali
1715 1680 1746 1752 ir
1767 1679 1841 1752 ullo
1866 1679 1970 1750 Doara
1992 1701 2087 1774 rapu

643 1841 647 1846 .
729 1781 926 1855 assunto
941 1781 1081 1870 episcopo
1095 1776 1258 1866 ludatur,
1280 1778 1457 1868 ampliorem
1471 1779 1576 1852 toton
1591 1781 1751 1871 urrant
1765 1786 1814 1866 (ί).

542 1987 746 2076 Noverint
765 1987 952 2072 universi
973 1983 1259 2100 praesentium
1281 1987 1473 2069 notitiam
1491 1985 1696 2092 habituri,
1712 1991 1827 2103 quod
1843 2017 1921 2079 nos
1937 1991 2107 2082 Marcus

439 2109 491 2195 de
514 2105 737 2218 Strzydlnu
753 2105 807 2222 (²)
825 2105 1113 2200 thesaurarius
1136 2101 1443 2207 Oracoviensia
1465 2101 1697 2190 Zauesciua
1715 2103 1771 2220 (l)
1795 2099 1848 2191 de
1873 2107 2109 2216 Jodtowmt,

436 2229 640 2319 Nicolaus
664 2227 718 2309 de
737 2223 1030 2333 Rucc‘borzcny,
1075 2219 1293 2332 Stonoltus
1327 2223 1378 2306 de
1410 2219 1582 2308 Kestrzu
1618 2236 1662 2310 ct
1693 2223 1928 2312 Stanislaus
1953 2231 2005 2315 de
2030 2217 2109 2314 To-

433 2345 530 2463 polu
550 2345 605 2462 (³)
626 2345 816 2454 heredes,
837 2341 920 2426 Pro
942 2341 1129 2426 remedio
1162 2341 1394 2424 animarum
1427 2355 1665 2428 nostrarum
1696 2341 1933 2428 Ecclesiam
1952 2350 1996 2454 in
2017 2345 2109 2430 Do-

439 2469 511 2549 bra
532 2464 587 2580 (⁴)
619 2463 756 2574 n'uper
791 2491 867 2574 per
901 2459 1197 2545 Reverendum
1221 2459 1262 2540 in
1286 2457 1455 2544 Christo
1487 2472 1652 2570 patrem
1689 2461 1907 2576 dominum¹
1939 2463 2110 2557 Bodas·

272 2617 279 2628 ·
430 2596 528 2690 iam
551 2583 619 2696 (ὁ),
641 2583 784 2668 divirra
806 2590 849 2663 et
863 2574 1128 2692 apostolicae
1145 2644 1149 2650 .
1165 2575 1279 2670 sedis
1316 2579 1456 2689 gratia
1492 2579 1751 2691 Episcopum
1776 2583 2109 2670 Oracovienscm

336 2733 343 2744 ·
441 2705 494 2790 de
517 2730 628 2788 novo
650 2699 891 2806 fundatam,
914 2699 1059 2781 dotare
1081 2697 1292 2802 volentes,
1324 2698 1461 2784 eidem
1485 2698 1702 2782 Ecclesiae
1722 2697 1881 2787 ibidem
1902 2703 1947 2786 in
1967 2701 2112 2786 Dobru

399 2907 401 2912 ,
441 2821 649 2908 donamus
673 2829 715 2904 et
736 2820 1005 2930 assignamus
1025 2806 1232 2924 perpetuo
1253 2843 1384 2900 unum
1415 2845 1609 2904 mansum
1644 2817 1822 2902 liberum
1845 2831 1922 2930 pro
1945 2821 2114 2908 ocrltrua

441 2939 635 3052 Rectoris
656 2938 880 3026 Ecclesiae
915 2933 1093 3038 ibidem,
1137 2959 1267 3042 quem
1305 2937 1546 3048 'exemptum
1568 2963 1661 3019 esse
1682 2937 1877 3024 volumus
1898 2938 1955 3022 ab
1978 2943 2130 3048 omni-¹

441 3059 522 3142 bus
544 3059 698 3142 nostris
714 3051 900 3168 juribus,
922 3050 1223 3156 solutionibus,
1244 3049 1461 3140 laboribus
1483 3065 1526 3137 et
1539 3053 1916 3162 jurisdictionibus.
1969 3055 2110 3144 Alium

441 3201 615 3292 quoque
645 3205 843 3260 mansum
874 3175 1024 3258 damus
1056 3169 1191 3258 eidem
1213 3171 1256 3252 in
1276 3172 1376 3256 villa
1407 3183 1553 3262 nostra
1572 3173 1699 3256 situm
1718 3175 1763 3256 in
1782 3183 1906 3285 parte
1925 3176 2112 3284 sculteti,

442 3322 571 3412 quem
591 3291 796 3379 Nicolaus
819 3303 958 3376 cmeto
978 3287 1138 3372 ibidem
1158 3316 1272 3374 nuno
1292 3291 1506 3400 possidet,
1526 3294 1588 3374 ita
1609 3289 1727 3404 quod
1747 3291 1969 3380 Ecclesiae
1988 3281 2122 3404 prae÷{

443 3409 621 3516 libatae,
644 3414 765 3496 annis
785 3410 1011 3521 singulism,
1060 3405 1160 3490 Alia
1181 3417 1323 3492 autem
1338 3410 1439 3520 jura
1457 3412 1501 3494 in
1523 3409 1677 3520 eodem
1694 3439 1841 3500 manso
1863 3412 1987 3501 nobis
2007 3417 2115 3502 inte·

446 3561 524 3646 gra
558 3558 841 3616 reservamus.
895 3527 1127 3614 Caeterum
1159 3553 1236 3638 pro
1273 3530 1582 3642 sustentatione
1615 3530 1858 3640 presbyteri
1897 3531 2120 3618 memorati

443 3649 726 3760 promittimus
761 3659 970 3762 perpetuo
1005 3671 1081 3756 per
1115 3654 1361 3758 praesentes
1400 3647 1502 3732 dare
1524 3658 1567 3732 et
1585 3649 1749 3733 solvere
1782 3651 1902 3737 annis
1933 3651 2115 3760 siugulis

448 3767 587 3850 eidem
605 3767 831 3852 Ecclesiae
852 3765 1055 3852 inDobru
1076 3751 1264 3848 decimas
1288 3761 1340 3848 de
1363 3767 1544 3848 araturis
1566 3765 1731 3870 nostris,
1750 3768 1794 3850 in
1816 3765 1937 3852 bouis
1958 3766 2120 3858 nostris,
2218 3857 2224 3868 ,
2347 3768 2351 3779 ’

444 3883 732 3993 infrascriptis,
753 3886 972 3974 videlicet:
1010 3883 1054 4000 in
1077 3877 1347 4002 Cborppwicu,
1370 3887 1414 3968 in
1435 3881 1615 3968 Lednico
1633 3881 1767 3998 (⁰),in
1786 3881 1992 3994 Podolaay
2014 3894 2121 3978 ante

454 3999 726 4106 Wielc'czlcum,
764 4005 891 4090 etin
933 4001 1064 4090 Curia
1097 3997 1270 4088 Domini
1315 4001 1540 4091 Marouasii
1585 4004 1803 4090 memorati
1849 4004 1978 4092 etiam
2000 4012 2119 4108 ,ante

552 4237 598 4404 (ὁ)
615 4190 849 4388 EldfflPhon
865 4259 885 4302 a
899 4234 1052 4322 ‹losepho
1067 4231 1292 4318 Lapkowsoio
1308 4232 1405 4302 nobis
1422 4258 1629 4303 concessum.
1749 4219 1754 4231 ¹

683 4321 796 4407 ῳᾱιῃα
809 4321 863 4387 vel
879 4320 1039 4408 smylm,
1054 4321 1133 4386 villa
1147 4316 1349 4402 parochialis
1379 4319 1455 4386 olim
1477 4321 1512 4386 in
1528 4307 1668 4408 regiona
1684 4317 1903 4388 Cachowcnsi
1917 4319 1982 4386 sita
1996 4309 2124 4400 (1676),’
2227 4347 2232 4358 “
2358 4409 2362 4420 ¹

449 4427 536 4472 nunc
551 4407 585 4471 in
601 4403 752 4476 Gallicis
789 4405 896 4472 Villae
915 4406 979 4471 huc
995 4413 1193 4471 memoratae
1222 4405 1414 4488 bonuau,
1445 4406 1656 4494 Ruciborzany
1672 4413 1706 4470 et
1720 4405 1867 4488 Kootraa,
1883 4425 1998 4470 omnes
2028 4407 2117 4489 ejur-

450 4491 522 4556 dem
539 4490 623 4558 Skra
647 4490 796 4559 ldnebsis
811 4492 944 4557 fuerunt
959 4487 1138 4578 parochiae
1154 4493 1203 4572 (et
1218 4511 1246 4553 a.
1265 4493 1373 4572 1676).
1794 4552 1798 4559 .

542 4579 595 4666 Ι0)
617 4515 738 4644 'idlam
757 4575 878 4665 Tepula
894 4575 1015 4640 dictam
1031 4575 1065 4640 in
1080 4573 1247 4641 indicibus
1260 4571 1408 4640 locorum·
1423 4573 1657 4644 invenirenon
1670 4571 1847 4660 potuimus.

554 4662 596 4744 (⁴)
615 4662 724 4728 Debre
739 4659 818 4730 villa
831 4659 1031 4748 parochialis
1046 4659 1081 4725 in
1096 4661 1233 4748 regione
1250 4660 1385 4744 antiqua
1400 4657 1630 4742 Cachowensi
1641 4659 1764 4738 (1676).

387 4779 393 4790 ·
524 4791 530 4805 .
555 4748 601 4825 (⁸)
620 4745 833 4836 Privilegiunr
848 4747 914 4814 lruo
930 4745 1088 4812 nobilium
1105 4743 1378 4814 cracoviensem
1393 4743 1504 4808 datum
1520 4752 1572 4810 est
1589 4741 1751 4830 episcopo
1765 4739 1940 4808 Bodzanta
1953 4741 2042 4806 vivi).

408 4849 414 4857 ·
453 4849 459 4855 ·
537 4829 600 4910 ·(⁶)
623 4829 760 4900 saonae
775 4842 809 4901 et
826 4833 1033 4920 Campana,
1047 4828 1144 4898 villae
1158 4830 1193 4898 iu
1208 4827 1368 4915 parocbia
1382 4827 1423 4894 ad
1442 4823 1653 4895 Wieliczkam
1674 4833 1845 4911 spectante
1861 4825 1986 4908 (1676).
