4856 5932
1069 709 1113 724 -
1166 672 1338 748 451-

372 895 435 950 oze
457 865 524 982 (⁴,)
547 867 757 954 Stanislao
780 869 841 951 de'
855 868 1026 981 Szyrzz'o²
1061 816 1234 958 Nioolao
1271 873 1447 959 Pezonka
1467 875 1518 960 de
1542 875 1705 963 Swr‘rrze
1727 881 1794 993 (⁵),
1823 878 2018 965 Johsnne

360 973 423 1074 ¹'de
446 987 679 1072 orzerzimow
703 987 770 1100 (4),
789 987 990 1076 dobeslao
1013 991 1066 1074 de
1085 991 1426 1100 Potamonem,
1449 992 1647 1080 Johanne
1676 995 1802 1084 dlotlio
1835 999 1888 1082 de
1919 995 2017 1109 Slup

369 1119 415 1194 et
435 1108 525 1218 olijs
548 1133 677 1217 quam
696 1106 888 1216 pluribns
909 1109 1192 1223 fidedignis
1157 1139 1268 1196 crroa
1283 1115 1498 1222 premissa.

474 1343 514 1425 (⁴)
538 1341 696 1419 Osmolr'cr,
712 1339 790 1408 villa
803 1341 1013 1411 Lnblinensis
1029 1344 1183 1433 regionis,
1199 1347 1386 1414 alteravero
1400 1335 1674 1430 Zeleehovieneis,
1690 1372 1818 1438 semper
1835 1349 1869 1415 in
1886 1349 2021 1434 antiqua

372 1427 567 1496 Lublinensi
583 1427 753 1515 provincia

462 1513 514 1595 (4)
538 1511 673 1588 swinze,
690 1513 755 1578 fort
742 1522 830 1580 tasse
846 1512 923 1578 ville
936 1513 1156 1600 parochialis'
1148 1541 1182 1582 1n
1199 1514 1387 1584 Chelmensi
1416 1517 1513 1585 hodie
1540 1519 1675 1620 regione
1692 1529 1724 1585 et
1737 1519 1930 1587 Lublinensi
1945 1541 2020 1607 pro·

371 1599 490 1672 vincis,
507 1622 580 1664 nam
595 1610 627 1664 et
642 1599 723 1662 oliae
739 1598 833 1663 villae
848 1599 993 1684 ejusdem
1009 1601 1148 1700 nominis
1165 1603 1287 1668 suntin
1303 1604 1435 1688 regione
1449 1604 1666 1672 Radomiensi.

454 1685 514 1765 (4)
537 1685 603 1750 Krz
592 1687 726 1753 esimow
682 1683 828 1762 orevilla
841 1683 1049 1752 Lublinensis
1065 1686 1208 1771 regionis
1225 1689 1397 1774 (parochie
1411 1689 1505 1756 villae
1522 1691 1699 1780 Clrelyiewt.

841 2287 845 2296 ,
1085 2149 1316 2268 ccxxvi.

394 2377 402 2392 ⁹
497 2453 505 2474 ·
580 2404 854 2488 bubltni-
867 2406 959 2490 αἱ(
975 2339 1055 2491 :Mi
1081 2409 1278 2490 mensio
1301 2409 1464 2492 annii
1487 2407 1620 2496 1422
1646 2427 1840 2492 annos

372 2627 669 2700 Ber-nardus
691 2624 729 2698 (1ο
744 2625 899 2696 Jaazczow
914 2628 1387 2814 prtmoffiongrrnmoliffi?
1403 2627 1557 2722 thioitm
1578 2647 1716 2721 omnum
1736 2573 1885 2716 quondm
1912 2627 2015 2704 trote

1121 2751 1172 2804 m
1193 2749 1252 2804 ren
1357 2777 1364 2792 ·
1426 2787 1428 2794 .

470 2941 559 3026 Nos
580 2940 729 3025 Petrus
750 2937 910 3052 Ffirley
930 2937 1026 3055 (sio)
1050 2938 1100 3022 de
1121 2939 1441 3026 Dambrowioze
1462 2938 1605 3024 Judex
1627 2950 1669 3024 et
1686 2911 1837 3026 Petrus
1855 2939 1909 3024 de
1925 2933 2015 3053 Op·
2110 2983 2118 2990 ·

279 3065 282 3072 ‘
368 3059 484 3174 poka
505 3059 714 3144 subindex
734 3068 844 3142 terre
864 3059 1110 3144 lnblinensis
1140 3059 1376 3173 generales.
1439 3058 1738 3172 significamus
1759 3069 1903 3164 tenore
1922 3090 2020 3172 pre-

368 3181 557 3265 sensium
581 3178 736 3288 quibus
760 3179 927 3286 expedit
947 3179 1164 3264 universis.
1212 3176 1433 3291 Quomodo
1469 3180 1745 3290 personaliter
1767 3207 2015 3292 comparens

17 3344 20 3379 ι
86 3361 89 3369 .
236 3361 241 3378 r
369 3325 512 3386 eoram
528 3299 682 3382 iudicio
703 3298 920 3382 terrestri
908 3327 952 3380 in
972 3295 1094 3394 (((ὸζίη
1129 3299 1279 3384 nobilis
1314 3296 1548 3384 bernardus
1588 3299 1711 3384 heres
1746 3301 1799 3386 do
1836 3300 2015 3386 Josozow

368 3419 620 3530 recognovit
639 3419 741 3532 quia
760 3416 893 3500 nobili
930 3414 1089 3499 Sdonblr
1124 3416 1267 3502 heredi
1304 3417 1356 3500 do
1379 3417 1557 3522 Josozow
1579 3445 1654 3503 suo
1675 3429 1827 3528 patruo
1849 3447 2015 3530 germa-

367 3565 422 3622 no
443 3535 698 3620 vendiditet
680 3544 921 3645 tperpetne
941 3536 1179 3644 resignauit
1200 3566 1396 3647 campum
1417 3565 1540 3620 suum
1560 3537 1884 3622 hereditarium
1873 3564 2015 3620 moen·

223 3655 225 3661 ’
365 3655 499 3742 teme
520 3653 787 3764 granioiebus
810 3651 1100 3764 Myleyowrkye
1113 3653 1366 3779 Storosrzkye
1389 3658 1603 3766 aviaque
1625 3657 1750 3740 currit
1767 3683 1819 3737 ex
1733 3652 2013 3739 tJarczow

364 3771 566 3875 inlublin,
598 3775 699 3856 item
720 3801 847 3857 arwm
868 3774 1136 3858 aduocatio
1155 3785 1250 3885 pret
1252 3805 1323 3858 um
1335 3776 1488 3858 eoiem
1526 3777 1723 3859 aduocati
1692 3785 1889 3883 tpenee
1921 3801 2015 3858 ees·

370 3895 467 3980 dem
488 3895 695 4008 granioies
715 3894 926 3980 iacentem
948 3902 991 3976 et
1009 3903 1178 4002 pratum
1200 3893 1464 3978 harscznvska
1485 3903 1527 3976 et
1547 3895 1725 3977 alterum
1742 3893 1867 3978 arwin
1884 3895 2013 3977 aduo-
2041 3911 2043 3916 '

367 4014 466 4098 eati.
498 4013 607 4096 item
628 4041 824 4129 campum
843 4039 972 4123 penes
994 4013 1107 4096 viam
1136 4023 1180 4096 et
1201 4013 1407 4124 granioies
1444 4008 1723 4124 lysokoloijrka
1764 4013 1819 4098 ad
1857 4009 2012 4096 fossam

237 4227 243 4240 ,
365 4133 468 4216 alies
493 4129 659 4242 podolelr
689 4135 865 4242 primam
902 4161 928 4216 a
970 4132 1243 4244 granioiebue
1273 4133 1317 4214 in
1346 4159 1504 4246 magno
1536 4159 1699 4244 campo,
1745 4161 1771 4216 a
1804 4131 2011 4243 granicis·

366 4250 449 4338 bns
480 4248 717 4334 starosezlca.
778 4251 887 4335 Item
918 4281 1043 4335 arwm
1076 4251 1201 4338 Curis
1234 4261 1474 4362 etpratum
1505 4253 1618 4336 curie
1648 4250 1703 4336 ab
1736 4251 1891 4335 eisdem
1912 4275 2011 4359 gre·

366 4368 557 4454 nioiebus
602 4371 646 4452 in
677 4398 828 4480 eampo
875 4371 986 4456 dicto
1033 4369 1297 4478 dobolowskye
1345 4373 1478 4454 eoiam
1523 4372 1578 4452 ad
1622 4373 1796 4480 primam
1840 4365 2008 4470 fossam,

368 4519 395 4574 a
437 4486 704 4600 granioiebus
735 4487 914 4572 storoslca
952 4499 994 4573 et
1033 4491 1157 4574 avia
1187 4486 1450 4600 liroholoyslro
1487 4517 1538 4572 ac
1574 4489 1705 4598 ipsius
1742 4480 2008 4597 grairioiebus
2121 4489 2127 4500 '

364 4808 434 4880 S‘'
428 4725 492 4875 ll(
490 4724 516 4874 4(
533 4721 585 4787 Ex
600 4721 751 4872 ()(ἱςίιιείἱ
765 4721 874 4790 tabula
889 4724 986 4792 etiarn
1003 4698 1185 4790 doctissimi
1213 4721 1382 4807 Zagorsoii
1410 4720 1552 4809 propris,
1579 4717 1752 4805 descripsit
1765 4717 2001 4790 Muozkowgkl

390 4831 481 4897 rgra
517 4829 598 4875 esnn
694 4863 697 4872 ,

1750 4919 1811 4986 57*
