4844 5936
1056 679 1413 750 1-480-

456 921 538 978 non
561 888 690 974 semel
710 882 787 966 sed
809 881 918 961 omni
939 891 1125 988 tempore
1142 881 1227 962 vult
1251 889 1294 961 ct
1314 879 1501 962 decernit
1535 887 1740 988 perpetuo
1773 881 1963 966 valitura.
1996 883 2098 969 Pro·

453 1016 550 1098 inde
572 1035 646 1092 nos
670 999 905 1087 Alexander
927 999 994 1081 dei
1015 999 1159 1110 gracia
1181 999 1270 1084 Rex
1292 998 1477 1084 Polonie.
1509 998 1549 1082 N
1553 1027 1601 1082 ec
1622 1025 1705 1082 non
1722 1010 1924 1084 terrarum
1942 1001 2098 1090 oraco-

451 1136 530 1237 vie,
553 1120 823 1214 Sandomirie.
847 1117 1019 1202 Siredie.
1056 1109 1262 1202 Lancitid.
1302 1109 1503 1228 Odyavie.
1541 1145 1722 1228 magnus
1746 1119 1830 1202 dux
1850 1119 2094 1208 Lithwanie.

455 1251 643 1339 Russiae.
676 1242 929 1358 Prussieque
951 1267 1002 1322 ac
1024 1235 1259 1322 Ouimensis
1281 1237 1554 1349 Elbingensis
1576 1246 1619 1319 et
1637 1235 1884 1322 Pomeranie
1907 1241 2099 1325 dominus

456 1385 499 1456 et
517 1371 652 1451 heres.
687 1345 985 1470 Sig'itiiieaiirus
1006 1345 1442 1469 tenore'p'ieseritium.
1467 1343 1620 1465 qiribbs
1643 1345 1812 1466 bipedit
1833 1361 2036 1444 universis
2060 1371 2102 1444 et

452 1487 629 1600 singulis
650 1475 913 1602 presentibus
931 1487 979 1560 et
997 1475 1147 1560 futuris
1183 1479 1332 1560 harum
1373 1475 1566 1561 notitiam
1600 1473 1819 1560 habituris.
1873 1475 2097 1577 Quomodo

454 1595 704 1695 constitutus
723 1601 769 1680 'in
788 1587 933 1680 nostra
954 1607 996 1680 et
1018 1593 1357 1682 Consilia'ri'orum
1394 1588 1628 1680 nostrorum
1649 1603 1750 1678 tunc
1771 1583 2102 1684 nob'isodiri'exi-

435 1727 648 1816 ,stentium
670 1719 891 1830 presentia.
923 1713 1182 1799 Venerabilis
1217 1727 1259 1800 et
1279 1715 1522 1826 Religiosus
1559 1711 1749 1798 Joannes
1781 1713 1929 1800 Abbas
1952 1715 2100 1802 Mona-

452 1847 564 1956 sterij
588 1839 863 1950 Thijnijczen.
886 1837 1083 1943 produxit
1119 1845 1279 1919 certum
1301 1834 1573 1944 Privilegium
1608 1831 1793 1918 Boleslai
1830 1818 2035 1922 Oracoirie
2058 1851 2101 1923 et

427 2063 431 2072 ,
454 1963 713 2056 Sandomir'ie
736 1957 853 2038 ducis
874 1957 1028 2039 tenoris
1049 1952 1302 2064 infrascripti
1337 1951 1497 2068 Abbati
1520 1962 1563 2034 et
1583 1949 1821 2038 Oouventui
1855 1937 2097 2070 Monasterij

456 2086 700 2172 Thiniczen.
724 2075 822 2188 (sic)
846 2075 1002 2158 datum.
1025 2101 1077 2156 ac
1099 2103 1171 2184 per
1189 2073 1511 2158 serenissimum
1528 2072 1625 2156 olim
1641 2074 1872 2190 principem
1889 2074 2101 2162 dominum

456 2203 709 2292 Oazimirum
729 2194 901 2293 Polonie
924 2205 1003 2276 etc.
1036 2192 1198 2304 Regem
1222 2193 1455 2302 genitorem
1477 2199 1518 2272 et
1539 2191 1881 2302 predecessorem
1911 2205 2101 2280 nostrum

455 2322 746 2410 charissimum
768 2313 1049 2422 approbatum
1071 2325 1113 2394 et
1134 2311 1440 2396 confirmatum.
1489 2307 1837 2421 Supplieavitque
1868 2309 1990 2396 nobis
2022 2315 2101 2398 hu·

451 2445 611 2528 militer.
634 2432 801 2519 utillud
823 2437 947 2516 etiam
961 2429 1276 2543 aprobare(sic)
1287 2428 1533 2514 confirmare
1547 2429 1805 2516 etratificare
1816 2430 2097 2540 dignaremur.

456 2563 587 2648 Cuius
612 2555 783 2665 quidem
794 2551 1006 2663 Privilcgij
1016 2562 1135 2634 tenor
1157 2551 1208 2632 de
1230 2549 1359 2633 verbo
1382 2548 1437 2630 ad
1456 2545 1631 2634 verbum
1647 2551 1836 2660 sequitur
1860 2563 1901 2632 et
1918 2551 2099 2636 esttalis.

563 2668 2102 2777 1456.Innominedominiamen.Adperpetuamreimemoriam.Neerror

454 2795 674 2886 oblivionis
697 2793 827 2902 gestis
850 2791 928 2872 sub
950 2800 1138 2899 tempore
1175 2787 1415 2871 labentibus
1448 2787 1719 2894 imposterum
1742 2787 1839 2901 (sio)
1870 2792 2008 2898 pariat
2029 2789 2102 2874 de·

454 2919 695 3004 trimentum
717 2911 802 2994 alta
822 2929 971 3022 regum
994 2921 1036 2992 et
1055 2911 1288 3018 principum
1310 2905 1573 3016 providentia
1611 2907 1798 2991 decrevit
1819 2936 1870 2989 ea
1889 2909 2100 2994 literarum
2146 2889 2156 2912 ⁹
2245 2931 2248 2948 ·

456 3035 646 3148 apicibus
669 3043 711 3112 et
731 3030 902 3112 testium
924 3030 1195 3112 annotatione
1225 3024 1490 3134 perhennarj.
1536 3024 1717 3110 Proinde
1753 3051 1830 3113 nos
1869 3027 2100 3112 Gazimirus

316 3137 342 3224 s
457 3155 525 3240 dei
546 3153 684 3264 gratia
704 3148 796 3233 Rex
817 3147 992 3233 Polonie
1013 3175 1093 3230 nec
1113 3174 1197 3230 non
1217 3157 1418 3228 terrarum
1450 3143 1666 3232 Oraeovie.
1690 3141 1964 3252 Sandomirie‚
1986 3145 2101 3235 Sira·

457 3278 537 3380 die,
557 3270 760 3356 Lanoitie.
799 3268 1002 3376 Cuyavie.
1036 3266 1217 3380 Magnus
1255 3265 1338 3346 dux
1368 3263 1616 3347 Lithwenie.
1651 3263 1817 3350 Russie.
1854 3266 2102 3350 Pomeranie

454 3395 709 3502 Prussieque
732 3387 921 3471 dominus
944 3396 986 3468 et
1006 3385 1139 3468 heres.
1172 3381 1471 3494 significamus
1487 3393 1632 3468 tenore
1654 3384 1922 3493 presentium.
1946 3387 2100 3499 quibus

458 3513 625 3624 expedit
643 3506 848 3590 universis
871 3505 1135 3613 presentibus
1151 3511 1194 3586 et
1208 3501 1356 3586 suturis
1374 3505 1521 3586 harum
1537 3504 1727 3587 notitiam
1742 3503 1962 3591 habituris
1986 3501 2102 3606 Quo·

452 3634 578 3718 modo
599 3655 673 3738 per
695 3624 982 3707 Venerabilcm
1005 3635 1048 3706 et
1068 3621 1328 3734 Religiosum
1364 3621 1567 3746 Mpthiam
1602 3621 1815 3705 Abbatem
1847 3622 2100 3706 Thini'czen-

342 3751 355 3778 ‘
454 3781 544 3836 sem
567 3759 608 3831 et
629 3745 888 3832 Canonicum
922 3742 1248 3830 Oreooviensem
1288 3743 1438 3827 devote
1476 3741 1673 3824 dilectum
1709 3751 1850 3828 nostre
1887 3741 2099 3826 Maiestati

459 3867 758 3976 oblatapetitio
768 3863 1024 3949 continebat.
1036 3865 1256 3973 quattinus
1267 3859 1890 3978 (sio)PrivilcgiumMonasterij
1900 3859 2101 3944 suiinfra-

457 3991 658 4099 scriptum
681 3987 732 4066 de
753 3985 898 4066 innata
919 3983 1153 4066 celsitudini
1173 3991 1314 4066 nostre
1336 3980 1561 4063 clementie
1594 3978 1820 4064 ratificare.
1851 3979 2099 4091 approbare.

457 4106 709 4223 gratificare.
731 4103 943 4183 innovare.
980 4100 1190 4184 roborare.
1223 4111 1265 4182 et
1293 4098 1540 4183 confirmare
1583 4099 1852 4210 dignaremur
1893 4100 2100 4211 graciose.

458 4229 589 4315 Cuius
613 4222 782 4332 quidem
804 4218 1014 4328 Privilegij
1037 4227 1157 4301 tenor
1179 4217 1231 4297 de
1254 4218 1384 4302 verbo
1407 4219 1462 4301 ad
1483 4216 1661 4302 verbum
1682 4221 1874 4332 sequitur
1894 4231 1937 4302 et
1958 4217 2022 4304 es't
2037 4229 2101 4324 ta,-

457 4349 520 4432 lis.
554 4345 654 4449 (Hic
675 4339 851 4452 sequitur
872 4335 971 4420 idem
991 4335 1192 4417 verboram
1214 4347 1421 4440 contectus,
1441 4364 1555 4447 quem
1576 4333 1746 4450 deploma
1762 4339 1857 4422 areni
1887 4342 2101 4452 1271pa9.

460 4467 646 4563 90-92,
691 4457 804 4545 Tomi
815 4455 941 4570 primi
960 4457 1075 4567 inpos
1099 4451 1250 4538 Codice
1272 4455 1421 4538 cohibet
1443 4453 1512 4571 (²).

563 4662 601 4742 (²)
624 4662 801 4730 Variantes
831 4657 988 4724 lectiones
1018 4656 1189 4724 nonnullae
1219 4667 1294 4724 suut
1309 4657 1342 4722 in
1357 4655 1596 4723 Muozkowscii
1624 4656 1831 4746 apograph03
1855 4657 1993 4724 varietas
2021 4657 2101 4728 bcec

460 4753 495 4816 in
525 4757 605 4813 nota
633 4745 697 4812 huo
729 4745 871 4812 affertur.
908 4743 987 4829 Peg.
1016 4745 1057 4808 90
1085 4764 1164 4830 pro:
1186 4745 1403 4820 αωιοήιαιηη,
1435 4742 1468 4810 iu
1500 4742 1744 4816 confirmatione
1780 4743 1869 4830 regis
1904 4743 2105 4830 sigismundi

461 4860 481 4902 a
503 4831 750 4900 Muczkonuoio
780 4829 958 4916 descripta,
976 4827 1113 4916 legimus
1129 4831 1331 4896 autoritatem.
1354 4829 1432 4896 Pro:
1448 4830 1625 4908 mendatio,
1641 4829 1965 4918 dorsalia-Pagtil
1982 4849 2055 4896 vere
2071 4833 2102 4894 2.
