4952 5926
1105 647 1350 730 ..27-

436 865 626 968 praeter
646 855 776 940 Ciues
799 789 937 940 dictae
959 855 1099 958 Urbis,
1121 855 1257 940 donec
1277 881 1386 964 pons
1407 797 1674 964 supradictus¹
1696 859 1859 941 steterit
1880 887 1932 941 ex
1951 860 2058 942 inte-

263 1082 265 1088 ,
461 1003 538 1088 gro
559 982 796 1085 reparatus.
828 975 1024 1058 Damus
1013 999 1186 1082 msuper
1219 981 1262 1054 et
1294 971 1568 1056 concedimus
1590 967 1809 1082 praedicto
1845 975 2063 1062 Withconi
2193 967 2198 986 '
2318 985 2327 992 '

325 1163 353 1178 ,.
457 1094 698 1194 aduocato,
720 1101 764 1174 et
783 1095 869 1174 suis
890 1092 1090 1202 legitimis
1111 1089 1474 1208 successoribus,
1463 1118 1514 1172 ιιι
1528 1089 2064 1180 ἁιιιιιιιιιιιιιΟιιιιιιιι
2123 1162 2126 1170 ι
2163 1107 2171 1116 ’

459 1208 761 1330 praehabitas,
774 1209 879 1292 etin
901 1211 1094 1292 districtu
1111 1199 1331 1290 laneorum
1353 1205 1528 1290 Oiuitati
1549 1206 1848 1324 adiacentium,
1878 1223 1923 1319 et
1943 1213 2064 1294 addi-

459 1340 599 1414 torum
619 1319 817 1435 capiendi
836 1325 1095 1435 ubicumque
1115 1324 1304 1408 locorum
1326 1333 1369 1406 et
1386 1321 1585 1424 venandi,
1623 1353 1748 1410 omne
1783 1355 1922 1438 genus
1955 1326 2065 1411 fera·
2085 1363 2095 1376 ·

405 1500 409 1512 ·
459 1474 554 1530 rum
573 1470 849 1555 quocumque
870 1441 1045 1525 artificio
1067 1441 1258 1540 voluerit,
1280 1439 1348 1524 vel
1369 1439 1573 1543 maluerit,
1595 1443 1773 1526 liberam
1795 1453 1839 1526 et
1859 1449 2064 1531 omnimo·

356 1653 362 1668 ,
459 1564 561 1646 dam
595 1570 888 1668 potestatem·
910 1561 987 1644 Et
997 1568 1046 1640 ut
1066 1557 1231 1642 Ciuitas
1252 1537 1512 1666 praehabita
1543 1557 1932 1667 Sandomiriensis,
1945 1573 2065 1647 tanto

459 1679 644 1780 facilius,
657 1688 871 1792 tantoque
896 1679 1020 1760 citius
1058 1676 1305 1786 corrigatur,
1340 1678 1551 1779 volumus,
1584 1679 1700 1789 quod
1736 1679 1850 1763 nulla
1844 1679 2066 1800 [taberna

459 1803 628 1908 practer
648 1805 745 1898 tres,
765 1823 895 1878 unam
929 1797 1143 1904 Episcopi,
1181 1807 1224 1878 et
1261 1795 1367 1876 duas
1404 1795 1626 1877 Ecclesiae
1659 1793 1852 1879 Sanctae
1888 1799 2060 1902 Mariae,

421 1911 1094 2026 quaenuncsuntctfirerunt,
1127 1911 1380 2022 abantiquo
1415 1913 1616 2025 locatae,
1627 1912 1742 1994 ιιι
1713 1917 2066 2024 ιιιιιιριιιιω
2237 1957 2241 1968 ·

365 2027 631 2140 fmrlraus
648 2057 725 2138 per
740 2032 925 2140 aliquem
943 2029 1105 2112 locetur
1125 2029 1194 2114 vel
1213 2029 1435 2112 habeatur.
1467 2017 1575 2112 Item
1597 2033 1869 2114 concedimus
1887 2033 2066 2144 Oiuihus
2165 2037 2169 2042 ’

464 2148 739 2286 praehabitus
761 2147 971 2250 Ciuitatis,
994 2156 1038 2230 et
1058 2147 1253 2230 omnibus
1276 2146 1425 2254 alijs,
1415 2175 1460 2228 ιιι
1483 2146 1677 2228 districtu
1716 2149 1936 2230 eirredem
1925 2179 1969 2232 m
1992 2154 2083 2235 do··

413 2257 601 2374 minijs
643 2267 809 2367 nostrie,
852 2265 1051 2350 videlicet
1071 2264 1357 2366 Oracoviensi,
1396 2262 1728 2348 Sandomiriensi
1750 2274 1793 2346 et
1815 2264 2068 2372 Syrazieusi,

463 2383 571 2468 infra
590 2386 784 2493 spacium
803 2382 1011 2466 libertatis
1049 2383 1322 2490 supradictae
1358 2381 1545 2464 sedecim
1582 2408 1787 2480 annorum
1822 2387 2069 2466 transeundi

463 2528 561 2586 cum
596 2499 833 2606 mercibus
845 2498 1244 2610 qualibuscumque,
1291 2509 1334 2580 et
1369 2498 1632 2608 ubicumque
1659 2489 1865 2602 locorum,
1902 2499 2067 2614 absque

378 2627 381 2636 '
406 2675 412 2684 ·
464 2619 578 2704 omni
598 2645 756 2727 genere
779 2616 1228 2730 solutionisjlhelonei
1249 2627 1293 2698 ιι
1314 2643 1588 2728 quocumque
1620 2615 1830 2700 vocabulo
1863 2643 2069 2721 censean-

244 2817 253 2828 ,,
355 2815 358 2820 ,
463 2744 532 2816 tur
551 2735 728 2818 liberam
746 2733 1008 2818 facultatem.
1037 2729 1252 2844 Expirata
1265 2735 1419 2816 deinde
1439 2732 1634 2816 libertate
1653 2731 1968 2844 praehabita,J
1941 2710 2070 2818 idem
2145 2811 2148 2824 .

421 2884 436 2946 ·,
465 2829 594 2936 Ciues
614 2854 776 2956 nostri,
767 2861 825 2934 et
845 2880 991 2936 omnes
1013 2851 1081 2960 alij
1105 2850 1280 2936 Oiuitati
1303 2837 1563 2952 adiacentes,
1582 2878 1659 2959 per
1682 2850 1930 2955 districtum,
1963 2880 2070 2962 quo·
2086 2938 2089 2954 ,

347 2957 358 2972 “
462 2987 648 3080 cumque
668 2970 712 3052 in
732 2970 916 3080 negotijs
937 2971 1023 3054 suis
1040 2970 1263 3052 transitum
1282 2967 1498 3052 foecerint.
1469 2977 1608 3050 tscu
1640 2966 1693 3050 dc
1718 2966 1809 3052 foro
1832 2971 1897 3052 ad
1916 2967 2068 3052 forum.

462 3113 540 3172 seu
559 3088 832 3174 mercimonia
865 3086 1057 3198 quelibet
1091 3087 1338 3190 exercendo,
1376 3084 1431 3172 ab
1469 3089 1583 3170 omni
1619 3085 1824 3196 solutione
1863 3085 2072 3169 Thelonei

464 3205 785 3316 cuiuscumque,
809 3214 853 3288 et
872 3223 1147 3316 quocumque
1175 3206 1342 3288 nomine
1377 3213 1613 3308 censeatur,
1634 3205 1952 3312 inperpetuum
1988 3204 2073 3286 sint

462 3319 597 3430 liberJ‘,
621 3323 693 3404 ιι
681 3349 903 3406 ιιιιιιιιιιιιι.
936 3321 1195 3407 Volumusit
1162 3333 1309 3434 rthue
1331 3320 1386 3404 ab
1410 3321 1605 3406 omnibus
1639 3317 1858 3429 obseruarj
1895 3319 2072 3406 inuiola

466 3437 618 3541 biliter,
640 3441 713 3522 et
702 3455 970 3544 inconcusse,
1012 3440 1130 3552 quod
1149 3449 1250 3549 post
1268 3437 1393 3521 libert
1376 3449 1512 3524 tatem
1543 3439 1731 3524 sedecim
1764 3465 1969 3522 annorum
2000 3465 2072 3518 su·-

463 3547 715 3664 pradictcm.
761 3557 1077 3643 Thcloneorum
1111 3555 1414 3664 inconfinibus
1439 3568 1481 3644 et
1499 3559 1624 3646 metis
1660 3566 1867 3640 terrarum
1905 3561 2071 3636 nostra·
2188 3567 2223 3594 “

464 3699 558 3756 rum
579 3675 664 3758 iam
686 3672 1145 3770 dictammcomtituti,
1182 3655 1354 3764 amodo
1375 3701 1459 3758 non
1476 3675 1586 3811 plus,
1615 3681 1747 3782 quani
1769 3669 2072 3756 dimidietatem

364 3785 371 3796 ’
460 3785 686 3894 Thelonei,
710 3822 736 3874 a
757 3795 911 3876 nostele
934 3792 1143 3877 Oiuibus
1122 3819 1217 3874 ram
1240 3789 1454 3890 dictis,et
1411 3794 1517 3872 ein
1539 3791 1734 3874 districtu
1755 3789 1950 3909 Ciuitatis
1981 3817 2072 3872 ma-

371 3947 378 3962 ¹
434 3982 439 3992 .
465 3909 678 4012 uentibus,
698 3912 760 3991 ita
779 3910 815 3992 ιι
838 3919 955 3995 extra
976 3911 1124 4020 gades,
1147 3935 1224 3992 scu
1236 3916 1379 4006 metas
1401 3909 1655 4014 transierint,
1675 3933 1752 4015 pro
1767 3890 1980 3990 mercibus
1999 3933 2072 3987 ac·

456 4029 607 4137 cipere
630 4026 885 4132 habeantet
906 4036 1183 4139 extorquere.
1206 4026 1265 4108 Et
1280 4033 1333 4109 ut
1354 4023 1467 4112 Oiuit
1449 4036 1516 4110 tas
1537 4037 1682 4112 nostra
1715 4023 2070 4110 Sandomiriensis
2136 4075 2144 4080 -

465 4145 760 4254 sepedictam
781 4123 1096 4253 temporalibus,
1119 4145 1173 4226 de
1210 4143 1317 4226 die
1307 4172 1352 4224 ιιι
1385 4143 1496 4228 diem
1533 4153 1755 4281 augeatur,
1778 4152 1821 4226 et
1841 4151 2072 4244 excrescat,
2137 4157 2143 4170 ·

467 4263 704 4366 statuimus
725 4265 842 4374 quod
863 4263 1052 4374 hospites
1073 4261 1373 4372 undccmnque
1411 4291 1508 4344 cum
1539 4261 1819 4369 mercimonijs
1852 4255 2072 4368 qualibus·

470 4407 651 4490 cumque
672 4381 810 4501 ipsam
829 4381 1090 4489 intrauerint,
1107 4377 1271 4462 eadem
1301 4381 1574 4464 mercimonia
1604 4383 1646 4462 in
1674 4381 1769 4486 ipsa
1778 4289 2073 4460 JCiuitatede·
2096 4452 2103 4458 .

414 4506 642 4634 sponsat,
673 4526 754 4580 nec
788 4493 891 4580 alias
925 4499 1108 4582 educere
1145 4483 1345 4579 audeant.
1387 4498 1457 4582 vel
1490 4505 1774 4608 praesumant,
1812 4493 1948 4578 donec
1992 4522 2070 4576 sua

468 4616 738 4702 mercimonia
774 4617 1033 4725 supradicta,
1070 4611 1306 4723 hospitibus
1329 4613 1382 4700 de
1404 4615 1580 4732 diuersis
1613 4609 1870 4720 partibuset
1888 4612 2074 4722 regioni-

409 4731 546 4823 bees
568 4732 910 4838 aduenientibus,
944 4762 1021 4818 seu
1053 4735 1205 4860 nostris
1228 4729 1407 4816 Ciuibus
1431 4760 1482 4816 ex
1501 4721 1668 4838 integro
1689 4729 1937 4816 reuendant,
1976 4725 2073 4810 sta-

736 4890 737 4896 *
1935 4857 1979 4922 u
