4856 5932
1010 752 1062 768 -
1111 713 1193 815 ur,
1242 754 1287 768 -

323 918 459 1002 missis
480 943 557 1027 pro
580 943 760 1027 quorum
779 914 1053 1056 indulgencia
1073 916 1200 1000 hanc
1198 915 1365 1001 contuli
1387 917 1484 1031 (sic)
1515 917 1752 1003 libertatem
1783 947 1880 1006 reus
1911 925 2032 1005 te·

324 1046 485 1122 nearur.
509 1046 553 1118 et
574 1036 684 1118 de
648 1063 707 1118 ers
729 1037 942 1120 racionem
977 1036 1153 1118 reddere
1191 1036 1417 1238 compelllat
1419 1066 1468 1119 ur
1505 1038 1637 1150 digua
1672 1038 1879 1147 supplicia
1913 1069 1980 1124 re·

325 1167 534 1268 cepturus.
565 1155 679 1238 Acta
699 1165 797 1237 sunt
816 1155 928 1238 hee
916 1183 960 1235 rn
984 1147 1175 1240 Crocour'a
1209 1153 1382 1242 Aunol
1385 1159 1676 1241 ncarnacionis
1711 1157 1866 1240 domini
1887 1159 1981 1243 Mil·

324 1276 468 1360 lesimo
490 1275 793 1358 Ducentesimo
816 1272 1140 1385 quadragesimo
1177 1275 1363 1359 secundo
1401 1275 1575 1360 Present
1576 1278 1669 1362 ibus
1702 1285 1784 1357 test
1786 1276 1879 1359 ibus
1901 1277 1979 1362 Mi·

301 1451 303 1454 -
324 1397 494 1502 stiuvoy
514 1394 722 1478 Pellatino
744 1392 1022 1478 Craceuienri
1042 1391 1979 1503 BoguszaOastellanoOracouiensiffloriano

324 1515 516 1599 Tribuno
539 1513 809 1598 'Oracouiensi
832 1509 1030 1597 Simkone
1051 1510 1260 1596 Venatore
1277 1513 1550 1599 Cracouiensi
1566 1513 1798 1618 Bronisone
1815 1515 1980 1600 Castel-

309 1634 421 1719 ·lano
443 1633 495 1715 de
516 1631 694 1745 Breselcp
730 1630 995 1716 Panchoslao
1035 1630 1141 1717 Cast
1142 1631 1274 1716 eliano
1310 1631 1553 1776 Wislicensi
1588 1632 1786 1719 Johanne
1823 1633 1981 1718 Judiee

328 1753 453 1866 Ourie
475 1761 518 1838 et
537 1749 627 1862 alijs
650 1747 981 1863 quampluribus,

427 1872 536 1958 Nos
538 1899 639 1958 uero
661 1869 1043 1982 supplicacionibus
1066 1879 1109 1954 et
1127 1869 1207 1954 Pet
1210 1870 1416 1955 inionibus
1445 1871 1596 1982 prefati
1628 1870 1785 1956 Abbat’
1757 1882 1809 1956 trs
1831 1872 1981 1984 Thyn-

235 1987 245 1996 *
325 1993 461 2080 censis
482 1989 675 2076 acclinati
697 1999 741 2072 et
759 1991 947 2100 permoti,
989 1989 1241 2102 prefataque
1281 1990 1418 2074 littera
1455 2019 1532 2076 seu
1566 1993 1786 2104 priuilegio
1817 1995 1907 2077 viso
1940 2000 1984 2076 et

328 2122 492 2196 mature
514 2111 751 2193 auscultato
789 2135 871 2191 non
902 2110 1136 2194 cancellato
1167 2135 1250 2192 non
1271 2110 1425 2194 viciato
1447 2140 1526 2195 nee
1547 2113 1590 2192 in
1611 2111 1755 2220 aliqua
1775 2113 1840 2194 sui
1861 2121 1983 2222 parte

328 2240 528 2340 suspecto
552 2229 915 2338 donacionemque
938 2227 1192 2312 deeimarum
1226 2257 1276 2311 ac
1307 2233 1684 2314 commutacionem
1705 2227 1916 2315 Bonorum
1939 2233 1983 2316 in

326 2347 492 2464 prefata
512 2347 651 2432 littera
672 2357 926 2448 contentam,
961 2358 1098 2430 ratam
1121 2357 1374 2459 gratamque
1394 2345 1600 2433 habentes
1622 2349 1765 2460 Ipsam
1785 2351 1828 2432 in
1850 2352 1983 2434 omni-

325 2471 407 2555 bus
429 2471 514 2551 suis
537 2468 719 2578 punctis.
743 2464 939 2549 articulis.
964 2466 1184 2551 Clausulis.
1224 2471 1268 2548 et'
1302 2467 1644 2571 Condicionibus,
1683 2469 1733 2552 de
1765 2467 1910 2554 fauore
1940 2477 1983 2552 et

12 2665 13 2702 ἱ
327 2587 624 2673 munificencia
646 2597 791 2670 nostra
812 2584 976 2696 Regali.
1022 2586 1344 2671 Ratificauimus
1382 2588 1722 2700 approbauimus‚
1759 2587 1984 2672 confirma·

12 2703 14 2722 '
160 2739 165 2752 ·
317 2709 462 2802 wnimus
485 2717 529 2788 et
548 2705 847 2790 Ecclesiastioe
869 2703 1053 2788 libertati
1075 2709 1136 2789 sic
1159 2707 1313 2789 dotatis
1335 2703 1695 2816 indorporanimus
1724 2715 1767 2792 et
1787 2709 1984 2818 ascripsi·

328 2853 435 2910 mus.
468 2825 833 2934 Ratifieamusque
856 2824 1165 2910 confirmamus.
1190 2823 1488 2934 approbamus.
1511 2826 1758 2910 ascribimus
1788 2836 1830 2910 et
1848 2829 1987 2912 incor-

326 2973 538 3058 poramus.
571 2944 863 3028 Decernentes
885 2945 965 3026 hec
988 2947 1128 3028 omnia
1148 2945 1321 3029 firmiter
1342 2954 1385 3028 et
1404 2943 1523 3030 illese
1543 2975 1619 3055 per
1639 2973 1716 3030 nos
1739 2956 1782 3029 et
1803 2945 1986 3030 Succes-

326 3091 443 3152 sores
465 3072 632 3149 nostros
653 3064 780 3150 robur
802 3074 844 3146 et
865 3061 1111 3149 efficaciam.
1148 3066 1361 3175 perpetuis
1383 3067 1642 3176 temporibus
1662 3074 1807 3148 tenere
1828 3067 1986 3151 habere

326 3191 372 3267 ¹et
391 3187 577 3296 optinere
602 3183 712 3298 (sic).
734 3183 995 3294 presencium
1018 3213 1093 3294 per
1113 3195 1316 3269 tenorem.
1363 3182 1527 3268 Harum
1564 3184 1718 3297 quibus
1748 3188 1986 3271 testimonio

328 3303 562 3388 litterarum
586 3303 781 3413 Sigillum
802 3313 991 3388 nostrum
1012 3307 1279 3412 presentibus
1302 3313 1368 3386 est
1387 3331 1634 3422 appensum.
1666 3303 1822 3390 Actum
1843 3301 1986 3388 Croco-

328 3423 392 3505 uie
412 3421 518 3504 feria
537 3423 668 3504 tercia
688 3421 798 3504 infra
819 3431 993 3505 octauas
1032 3422 1231 3534 Corporis
1269 3423 1383 3505 cristi
1418 3425 1542 3510 Anno
1575 3423 1732 3508 domini
1766 3423 1984 3508 millesimo

302 3616 304 3620 ,
331 3541 751 3653 quadringentesimo
788 3543 1054 3651 sexagesimo
1092 3555 1243 3654 quarto
1265 3541 1442 3626 Present
1444 3545 1537 3626 ibus
1558 3544 1714 3629 ibidem
1735 3541 1985 3628 Reverendo
2101 3595 2104 3600 ,

328 3659 1878 3802 inOhristopatredomino‹lohannedeigraeiaEpiseoppCraeouieusiet
1898 3661 1986 3745 Re-

330 3806 404 3892 gru
391 3778 593 3863 Polonie
618 3779 876 3865 Cancellario
899 3781 962 3863 Ac
984 3779 1289 3891 Magnificiset
1272 3779 1373 3867 tG
1363 3784 1536 3866 nerosis
1558 3781 1757 3866 «Iohanne
1780 3783 1831 3864 de
1854 3783 1985 3866 lban—
2059 3773 2118 3857 ²&

317 3899 414 3984 ozia
436 3898 709 3985 Oracouiensi
729 3899 949 3984 Dobeslao
987 3899 1038 3982 de
1084 3894 1286 4008 Wrzrrycze
1320 3897 1580 4004 Lublinensi,
1619 3899 1724 3984 Cast
1728 3899 1873 3984 silanis
1909 3898 2053 3984 Jo-
2088 3895 2101 3919 '⁴

326 4017 469 4102 banne
491 4017 817 4128 derRytbwrony.
849 4017 1125 4121 Marschalco,
1171 4016 1339 4104 -Jacobo
1376 4019 1427 4100 de
1463 4019 1647 4102 Dombno
1683 4017 2009 4106 Thezaurarior

329 4135 468 4248 Regni
489 4137 660 4222 Polonie
697 4147 740 4220 et
767 4138 1003 4247 Capitaneo
1041 4133 1314 4224 Cracouieusi
1354 4148 1397 4220 et
1432 4137 1639 4222 Michaele
1676 4141 1727 4223 de
1764 4129 1984 4250 Lassotbly

331 4253 646 4340 Succamersrio
670 4266 712 4338 et
733 4257 968 4367 Capitoneo
998 4257 1280 4361 Lancieiensi,
1321 4267 1366 4340 et
1399 4259 1490 4369 alijs
1526 4259 1715 4370 pluribus
1757 4259 1983 4369 fidedignis

329 4374 514 4458 testibus·
530 4375 584 4456 ad
606 4377 822 4486 premissa.
874 4377 1036 4460 Datum
1055 4405 1131 4487 per
1151 4405 1300 4460 manus
1322 4377 1476 4488 prefati
1498 4379 1736 4462 Reuerendi
1757 4380 1887 4486 patris
1911 4378 1985 4462 do-

329 4494 429 4578 mini
449 4491 660 4578 Johannis
680 4495 881 4606 Episcopi
924 4495 1216 4582 Cracouiensis
1253 4495 1296 4580 et
1330 4494 1471 4609 Regni
1505 4497 1677 4582 Polonie
1718 4497 1982 4610 Cancellarij‚

330 4615 490 4700 sincere
513 4611 634 4696 nobis
657 4613 809 4697 dilecti.
1529 4653 1532 4660 ·

493 4729 563 4816 Ad
604 4730 878 4818 Relacionem
919 4734 1106 4824 eiusdem
1136 4732 1375 4818 Reuerendi
1394 4735 1435 4816 in
1458 4733 1625 4820 Christo
1667 4736 1797 4844 patris
1828 4737 1983 4823 domini

389 4851 598 4938 lobannis
629 4852 831 4963 Episcopi
871 4853 1166 4939 Oracouiensis
1199 4863 1249 4934 et.
1273 4853 1412 4964 Regni
1442 4851 1616 4940 Polonie
1647 4854 1912 4968 Cancellarij.
