4952 5926
1147 714 1296 784 ...pq
1342 683 1398 764 ”...

421 915 428 922 ’
497 917 631 1020 steria,
652 861 798 996 tertius
820 907 988 1020 semper
1007 910 1249 1018 pertinebit.
1281 909 1446 993 Damus
1471 912 1598 992 ctiam
1619 897 2099 1025 1110111111111111111111Β

527 1035 640 1114 iotae
678 1023 853 1112 0111111111
889 1024 1232 1129 Sandomiriensi,
1267 1029 1326 1108 'de
1359 1028 1488 1110 fluuio
1525 1027 1672 1132 Wisla,
1708 1035 1903 1138 superius
1926 1041 1970 1116 et
1988 1035 2098 1118 insta

255 1151 260 1156 ’
383 1035 616 1360 stum
651 1147 913 1256 longitudine
934 1144 1033 1259 (sic)
1056 1147 1239 1246 miliaria,
1276 1145 1351 1227 ubi
1386 1145 1637 1231 Aduocatus
1674 1155 1864 1232 tantum.
1890 1179 1966 1258 pro
1987 1179 2035 1236 so
2056 1161 2099 1235 et
2138 1151 2142 1166 '

494 1293 580 1349 11111
601 1266 801 1377 legitimis
823 1260 1155 1367 successoribus,
1178 1275 1221 1345 et
1239 1291 1325 1346 non
1343 1264 1460 1362 alter,
1483 1291 1581 1344 cum
1597 1275 1886 1377 quotcumque
1897 1271 2001 1352 rotis
2021 1298 2098 1354 vo·
2138 1297 2141 1304 ’
2175 1329 2179 1336 -

494 1387 563 1468 let:
536 1393 770 1497 tquatuor
790 1382 951 1476 habeat
972 1390 1217 1464 construere
1232 1381 1492 1486 Molendma,
1523 1391 1564 1462 et
1584 1409 1668 1464 non
1688 1383 1810 1492 plura
1842 1415 1955 1496 quae
1992 1386 2099 1470 dure
2200 1487 2205 1502 Ι

494 1503 776 1587 haereditario
796 1501 975 1611 pacifice
998 1493 1043 1581 11
1062 1501 1204 1632 quiete
1226 1500 1349 1582 simul
1370 1528 1467 1580 cum
1487 1500 1647 1581 mansis
1670 1511 1780 1605 octo,
1798 1503 1850 1584 do
1867 1505 2007 1613 gratia
2022 1531 2099 1588 no-
2191 1597 2194 1602 ,

496 1631 582 1704 stra
613 1620 767 1702 additis
805 1621 982 1729 absque
1006 1625 1160 1699 census
1198 1617 1418 1720 solutione,
1457 1625 1500 1698 et
1532 1620 1751 1702 exactione
1792 1622 2101 1730 imperpetuum
2200 1719 2203 1727 p

488 1737 744 1848 possidebit.
777 1737 1131 1826 Pronunctiamus
1153 1737 1282 1817 etiam
1307 1745 1349 1815 et
1370 1733 1644 1818 concedimus
1680 1763 1783 1847 sepe
1819 1740 1906 1820 dict
1889 1749 1931 1822 to
1953 1739 2101 1828 Aduo·

498 1867 608 1940 cato
656 1854 715 1937 Ut
741 1855 856 1936 ullus
894 1851 992 1966 (sio)
1024 1855 1066 1934 in
1097 1881 1220 1934 suum
1254 1852 1562 1961 praejudicium
1594 1853 1767 1963 aliquod
1804 1859 1963 1938 audeat
1998 1883 2100 1941 con-

497 1983 657 2056 struere
677 1971 992 2055 molendinum
980 1997 1024 2053 m
1045 1971 1174 2054 fluuio
1195 1973 1423 2055 nominato
1453 1971 1621 2053 donee
1610 1998 1703 2079 rpse
1725 1983 1909 2082 quatuor
1926 1976 2077 2059 loca
2045 2001 2101 2056 sr-

495 2091 572 2175 bi
560 2119 603 2171 1n
626 2089 774 2174 codem
794 2089 924 2171 fluuio
939 2091 1121 2198 quatuor
1131 2089 1472 2172 molendmorum
1497 2115 1574 2196 pro
1595 2116 1673 2206 sua
1695 2089 1871 2200 elegerit
1891 2119 1941 2172 ac
1962 2119 2100 2176 reser-

494 2187 659 2290 uaucrit
643 2206 930 2290 tvoluntate.
963 2205 1202 2310 Praeterea,
1239 2205 1274 2286 si
1306 2207 1400 2316 quis
1423 2204 1539 2306 alter,
1560 2198 1637 2314 pro
1659 2233 1704 2287 se
1721 2209 1836 2290 volet
1856 2220 2101 2298 construere

495 2336 538 2410 et
495 2351 806 2433 ecomparare
826 2323 1080 2426 Molendina,
1101 2351 1187 2412 non
1208 2325 1327 2406 aliter
1348 2323 1518 2424 audeat,
1554 2322 1635 2402 nisi
1656 2325 1791 2431 primo
1819 2353 1846 2405 a
1865 2326 2001 2432 nobis,
2033 2329 2103 2412 vel
2152 2401 2156 2410 .

495 2473 522 2527 a
544 2444 697 2527 nostris
720 2442 1000 2526 suocedaneis
1020 2441 1160 2528 lotum
1181 2452 1306 2543 emat,
1328 2442 1398 2524 vel
1419 2441 1610 2524 obtineat
1624 2441 1909 2526 molendinum
1925 2445 2101 2530 Piscan-

357 2618 361 2632 ·
495 2562 625 2672 dique
644 2562 689 2641 in
709 2559 925 2669 praedicto
947 2558 1237 2662 fluuiowizla
1260 2559 1440 2646 Ciuitati
1464 2556 1739 2667 praehabitas
1761 2561 1846 2643 iam
1868 2565 2101 2674 assignato,
2222 2581 2226 2593 ·

494 2679 745 2765 Aduocatus
778 2694 875 2758 c'um
898 2675 1075 2760 Ciuibus
1118 2679 1307 2760 eiusdem
1340 2675 1549 2779 Ciuitatis,
1580 2677 1720 2782 pisces
1754 2679 2102 2791 qualescumque,

496 2805 540 2879 et
560 2819 834 2906 quocumque
857 2794 1034 2878 artificio
1055 2795 1274 2899 voluerint,
1310 2795 1488 2902 liberam
1509 2793 1701 2876 habeant
1719 2797 1993 2880 voluntatem.
2016 2796 2103 2882 Vo-

487 2915 633 2996 lumus
655 2913 784 2995 otiam
802 2913 918 3022 quod
938 2939 1025 3023 non
1046 2911 1247 2995 obstante
1284 2913 1461 2998 alicuius
1496 2911 1779 3020 perhibitione
1799 2913 1869 2996 ¹vel
1889 2915 2102 2998 contradi-
2207 3005 2210 3012 Δ

412 3095 441 3114 .,
497 3031 651 3133 ctione,
670 3033 715 3110 in
737 3030 888 3111 eadem
907 3031 1030 3140 parte
1050 3027 1224 3134 Wislae,
1247 3040 1379 3142 quam
1400 3029 1576 3113 Ciuitati
1607 3029 1846 3112 addidimus
1878 3031 2103 3116 Sandomi·

495 3149 623 3232 riensi
659 3147 911 3255 sepedictus
944 3146 1096 3233 fratres
1136 3149 1455 3257 praedicatores
1497 3148 1550 3228 de
1593 3147 1716 3231 domo
1761 3146 2102 3254 Sandomiriensi,
2127 3234 2144 3257 ,

456 3265 462 3278 ’
495 3265 635 3376 pisces
658 3265 831 3372 capiant
847 3263 990 3370 libere,
1011 3264 1357 3377 qualescumque,
1381 3276 1439 3348 11
1470 3290 1744 3378 quocumque
1765 3267 1941 3352 artificio
1957 3267 2103 3358 volue-

420 3441 427 3454 ·
494 3385 589 3486 rint,
610 3392 789 3464 tantum·
804 3403 884 3492 pro
905 3383 1104 3466 fratribus
1142 3413 1245 3466 suae
1273 3385 1429 3468 domus
1454 3393 1496 3464 et
1515 3410 1601 3466 non
1622 3385 1679 3466 ad
1697 3385 1984 3489 vendendum,
2021 3412 2101 3470 nec

497 3445 600 3584 altei·
622 3503 701 3583 nisi
721 3499 886 3605 frames,
908 3502 1049 3584 dictae
1070 3501 1219 3586 domus
1243 3495 1610 3604 Sandomiriensis,
1646 3501 1716 3585 vcl
1743 3504 1930 3611 spetialis
1953 3502 2008 3585 de
2030 3531 2102 3588 ea-

497 3619 594 3702 dem
616 3617 741 3724 domo
761 3613 948 3730 piscator
982 3623 1122 3760 pisces
1158 3621 1321 3706 habeat
1346 3633 1422 3730 pro
1443 3619 1642 3703 fratribus
1680 3621 1877 3724 capiendi
1910 3623 2103 3727 potcsta-

394 3727 403 3739 “
494 3745 596 3840 tem,
627 3717 914 3822 Molendinum
947 3736 1076 3824 etiam
1114 3743 1343 3822 eorundem
1378 3737 1555 3818 fratrum
1583 3735 1938 3840 praedicatorum,
1973 3753 2132 3848 super*

436 3875 629 3942 farones
661 3857 777 3962 quod
802 3857 969 3938 habent
1000 3858 1055 3938 ab
1077 3856 1266 3962 antiquo,
1302 3853 1496 3934 volumus
1519 3851 1686 3934 deloco
1704 3877 1785 3933 suo
1821 3879 1905 3936 non
1942 3880 2103 3940 ammo·
2189 3940 2197 3950 ,

488 3991 577 4077 rer]
568 3967 713 4080 (sic),
733 3999 814 4050 neo
835 3973 1018 4081 aliquot
1016 3999 1042 4060 a
1061 3969 1189 4052 modo
1204 3969 1381 4050 liceat
1346 3995 1407 4049 111
1423 3977 1680 4051 construere.
1701 3977 1870 4075 praeter
1885 3971 1967 4054 hoc
1984 3973 2102 4081 quod

219 4182 222 4192 Δ
274 4175 281 4188 ,
430 4182 434 4192 ¹
496 4086 660 4194 habent
656 4065 1057 4224 Molendinpmssr
1045 4085 1166 4195 ijluas
1188 4087 1316 4167 ctiam
1337 4085 1598 4198 ubicumque
1619 4085 1807 4170 locorum
1838 4097 2010 4172 nostrae
2038 4089 2102 4171 di·

240 4223 243 4230 '
367 4243 387 4258 1
468 4201 600 4290 ’110111
620 4199 918 4315 pertinentes,
912 4232 989 4314 pro
1004 4205 1186 4288 utilitate
1205 4204 1403 4289 Oiuitatis
1433 4201 1724 4313 praehabitas,
1761 4207 1912 4295 damus
1935 4215 1980 4288 et
1999 4207 2102 4291 coir·

498 4323 688 4407 cedimus
724 4319 919 4406 omnibus
955 4323 1270 4407 universaliter
1283 4322 1507 4428 incidendi,
1545 4331 1589 4404 et
1622 4331 1795 4430 pontem
1829 4351 1906 4448 per
1926 4324 2101 4410 fluuium

498 4437 678 4526 Wislam
699 4441 890 4552 parandi,
911 4439 1088 4524 liberam
1104 4453 1149 4524 et
1163 4441 1449 4525 omnimodam
1464 4447 1722 4548 potestatem
1735 4443 1797 4522 ita
1810 4435 1968 4548 tamen,
1984 4441 2101 4556 quod
2199 4500 2204 4509 ι

500 4587 536 4640 11
523 4561 799 4666 praedictus
818 4587 927 4671 pons
949 4563 1162 4664 conuerit,
1184 4587 1337 4641 acasu
1356 4557 1424 4641 vel
1443 4567 1671 4660 retracta,
1694 4587 1770 4642 1111
1791 4589 1817 4642 a
1838 4561 1977 4672 glacie
1998 4585 2100 4669 sup-
2136 4648 2141 4653 ,

498 4703 684 4785 pressus,
704 4681 896 4764 volumus
917 4689 1033 4762 tunc.
1057 4678 1175 4788 quod
1196 4677 1326 4761 Ciues
1362 4679 1608 4785 praedictae
1645 4675 1841 4761 Oiuitatis
1878 4678 2101 4787 nauigium

460 4813 461 4816 ‘
498 4803 698 4900 statuant,
718 4825 802 4883 non
823 4807 967 4882 autem
1005 4797 1194 4904 eiusdem
1230 4796 1390 4907 nauigij
1427 4795 1590 4879 lucrum
1626 4797 1837 4906 pereipiat
1866 4795 2128 4907 qu'nquam
