1313 1556
624 223 761 242 -416—

278 271 300 289 et
311 268 461 295 confirmatum,
473 269 582 296 aprobare,
593 269 700 295 innouare,
717 269 822 290 ratificars
833 269 975 297 dignm-amun
984 267 1044 291 cuius
1055 270 1102 297 qni-

278 299 325 320 dem
341 298 445 326 priuilegii
462 301 522 320 tenor
533 299 560 320 de
570 298 636 320 uerbo
653 299 681 319 nd
696 298 791 320 Verbum
805 300 902 327 sequitur
911 300 933 320 in
943 300 1000 320 hunc
1010 300 1100 321 modum:

331 328 393 349 1440.
410 328 435 349 In
445 329 529 350 nomine
545 328 623 350 domini
641 336 709 350 amen.
736 329 771 350 Ad
788 332 912 357 perpetuam
929 330 959 350 rei
973 330 1102 351 memoriam.

279 359 333 380 Cum
342 357 412 379 labilis
422 358 515 379 humane
525 361 600 379 nature
612 358 707 380 condicio
718 358 769 379 nihil
781 359 807 380 de
817 361 874 380 sorte
884 359 946 380 huius
957 359 1033 380 caduci
1043 359 1102 380 fasti-

278 390 307 418 gii
317 389 402 417 penitus
414 388 505 410 creditur
515 388 564 409 hinc
575 388 655 409 deferre
665 391 715 417 post
725 389 841 410 discessum
858 389 898 410 nisi
916 389 974 418 quod
984 389 1024 417 piis
1035 389 1101 417 operi-

276 419 316 441 bus
328 419 377 440 illuc
387 418 492 440 videbitur
501 418 626 446 premisisse:
637 421 709 440 nostra
719 419 783 447 igitur
793 418 913 440 humanitas
925 426 967 446 que
977 419 1048 440 locum
1055 426 1102 440 mu-

276 449 386 470 nificencie
396 448 480 470 uidetur
490 449 600 477 exquirere
618 450 640 469 et
649 447 761 470 'nitardum
779 449 874 477 personis
892 449 961 470 minus
979 449 1102 470 necessariis

276 486 347 501 amore
358 478 470 499 clemencie
488 485 528 499 sua
545 478 650 499 desideria
668 478 770 507 largiatur
785 481 866 506 quanto
877 479 968 507 graciosi
977 479 1054 500 intuitu
1074 478 1103 500 ad

276 509 381 531 ministros
392 515 446 536 quos
457 508 485 529 ad
494 508 544 529 fidei
556 508 661 529 catholice
673 511 694 529 et
704 508 772 529 cultus
783 509 816 529 sui
825 509 1004 537 propagacionem
1013 508 1102 530 inefabi-

276 540 300 561 lis
311 539 380 560 diuino
390 538 525 565 prouidencie
536 538 647 565 deputauit
657 538 746 560 altitudo
764 545 789 559 ac
800 545 908 560 sacrarum
926 539 989 559 edum
1006 538 1102 560 immuni-

276 572 331 590 tates
341 571 363 590 et
372 567 490 595 profectum
500 570 550 589 uota
567 574 607 589 sua
625 568 714 596 dirigere
729 568 808 589 debent
818 568 846 597 (³)
857 571 879 590 et
889 568 983 590 conferre
993 568 1030 589 ubi
1041 568 1102 596 quic-

277 599 328 627 quid
338 598 436 619 tribuitur
448 597 544 619 donantis
555 598 634 619 utilitas
654 598 791 626 multiplicato
809 598 879 620 fructu
896 598 931 620 hic
949 601 971 619 et
988 599 1009 619 in
1028 600 1100 619 eterna

275 629 383 650 mansione
394 630 505 655 augeatur.
528 628 618 650 Proinde
635 634 674 649 nos
685 627 805 649 Vludislaus
815 629 892 649 tercius
911 628 945 649 dei
963 628 1037 656 gracia
1054 627 1100 649 Rex

274 658 366 684 Polouie,
375 665 415 679 nec
425 663 467 678 non
477 660 578 679 terrarum
589 657 707 679 Graecovie
718 657 766 686 (sic)
777 657 913 684 Saudomirie,
924 658 1013 684 siradio,
1022 658 1101 679 Lanci-

274 689 312 713 cie,
323 688 418 714 Ouiauie,
428 687 526 708 Lituanie
536 688 634 715 princeps
644 694 775 715 suppremus,
791 688 921 713 Pomeranie,
932 688 1051 716 Russieque
1063 687 1101 708 do-

275 720 343 740 minus
353 721 375 739 st
383 718 451 739 heres.
468 717 618 746 Significamus
629 720 701 738 tenore
711 718 844 745 presencium
854 718 933 746 quibus
951 718 1037 746 expedit
1054 717 1101 738 uni-

275 749 342 770 uersis
352 747 486 776 presentibus
497 750 518 768 et
528 747 602 769 futuris
617 747 692 768 harum
702 747 802 768 noticiam
812 747 922 769 habituris:
946 747 1058 773 Quomodo
1073 747 1102 768 ad

275 781 347 800 nostre
357 778 481 806 magestatis
492 777 597 799 accedens
607 777 739 805 presenciam
749 778 875 799 venerabilis
886 781 946 806 pater
960 777 1052 799 Mathias
1063 777 1102 799 ab-

275 809 316 830 bas
326 808 447 829 monasterii
457 810 531 829 sancte
550 808 617 829 crucis
633 807 695 828 Calui
708 807 784 829 montis
802 808 880 829 ordinis
898 808 967 829 sancti
984 807 1101 833 Benedicti,

276 839 366 860 deuotus
376 840 448 859 noster
458 838 553 863 dilectus,
565 845 604 858 sua
615 839 775 865 conventusque
786 838 818 859 sui
828 841 926 866 porrecta
936 838 971 866 (⁴),
986 838 1101 866 quamdam

275 870 365 891 litteram
382 874 420 889 seu
437 867 567 895 privilegium
580 874 744 895 purgameneum
752 867 822 895 sigillo
837 869 962 896 magestatis
982 868 1101 896 sigillatam,

277 899 326 920 diue
336 898 435 920 memorie
443 898 570 918 serenissimi
580 897 680 925 principis
686 897 763 918 domini
775 897 882 924 Vladislai,
900 898 950 919 olim
960 898 1027 926 Regis
1038 898 1100 919 Polo-

276 930 309 950 nie
318 928 459 956 progenitoris
469 927 535 949 nostri
545 927 662 948 charissimi
673 928 729 949 omni
738 934 823 955 prorsus
837 928 891 949 uicio
904 930 926 949 et
934 928 1054 956 suspicione
1064 934 1101 949 ca-

275 962 362 985 rentem,
373 959 399 980 de
409 960 431 979 et
440 964 503 985 supet
513 958 605 979 omnium
616 957 719 979 bonorum
730 960 752 978 et
761 957 857 978 uillarum
875 958 963 978 claustri
974 960 996 978 et
1006 964 1100 979 conuen-

275 992 310 1010 tus
320 989 461 1016 predictorum
471 987 606 1009 libertacions
617 989 638 1008 et
649 988 790 1015 exempcione,
808 987 836 1008 ab
849 984 999 1013 exactionibus,
1010 987 1100 1008 solucio-

276 1019 345 1044 nibns,
356 1018 556 1043 contribucionibus,
566 1017 657 1044 tributis,
668 1017 767 1042 collectis,
778 1024 791 1038 a
800 1017 848 1045 sepi,
858 1024 935 1043 narzaz,
941 1016 1043 1045 poradlney
1053 1017 1099 1038 vul-

276 1049 356 1084 gariter
372 1046 497 1074 croliesthuo
514 1048 613 1073 nectutis,
631 1047 732 1073 dueturis,
747 1047 850 1075 pnduodz's,
868 1054 968 1075 agrorum
985 1049 1098 1074 pratorum,

276 1079 383 1104 messium,
393 1077 491 1111 poncium
501 1076 615 1102 laboribus,
626 1079 647 1097 et
657 1076 686 1097 ab
697 1076 794 1098 omnibus
809 1077 908 1105 angariis,
922 1076 1060 1105 preangariis,
1078 1079 1099 1097 et

276 1108 382 1134 molestiisy
393 1107 485 1128 omnium
495 1106 565 1134 Regni
575 1106 662 1127 Polonie
672 1106 825 1141 pallatinorum‚
841 1106 1008 1133 castellanorum,
1019 1106 1099 1141 capita-

276 1145 370 1164 neorum,
381 1137 488 1163 Judieum,
499 1136 638 1162 subindicum,
649 1138 671 1157 et
682 1137 805 1164 quorumuis
821 1136 932 1157 oficialium
944 1139 966 1158 et
975 1136 1099 1157 ministeria-

275 1168 325 1189 lium
335 1167 462 1193 eorumdem,
471 1166 595 1188 monstravit
605 1169 626 1187 et
636 1166 728 1187 ostendit
743 1166 847 1187 humiliter
865 1166 1005 1194 supplicando
1023 1168 1099 1194 quate-

472 1204 483 1218 s
492 1196 552 1218 nobis
560 1196 629 1224 Regio
636 1196 775 1224 benignitatis
784 1196 903 1222 clemencia,
912 1196 1000 1217 eandem
1010 1196 1099 1217 litteram

480 1243 502 1262 dt,
510 1242 575 1259 debent.

474 1264 528 1280 nunna
535 1264 585 1280 verba
593 1264 653 1281 omissa
660 1269 700 1283 esse,
709 1263 790 1280 videntur.
822 1275 825 1279 r
