4930 5922
1156 742 1406 812 ..64..

440 944 913 1054 modumiuipertiantur
930 939 1130 1022 auxilium
1142 941 1404 1022 etiuuamen.
1420 947 1462 1022 et
1474 967 1549 1026 nos
1563 942 1783 1025 versauice
1796 941 1893 1054 (sic)
1905 948 2106 1056 predictis
2185 967 2191 976 '

440 1063 663 1168 Nobilibus
684 1058 971 1169 prestabimus
993 1058 1192 1140 auxilium
1214 1066 1257 1136 et
1275 1057 1488 1160 iuuamen,
1510 1069 1659 1142 contra
1679 1087 1787 1170 quos
1824 1088 1947 1144 suum
1983 1066 2107 1152 nobis

439 1185 640 1266 iuuamen
659 1179 932 1288 prostiterint,
964 1202 1190 1288 quousque
1211 1175 1320 1257 mal'e
1340 1184 1508 1258 retenta
1529 1178 1598 1260 vel
1618 1177 1824 1264 violenter
1860 1180 2005 1264 ablata
2040 1213 2106 1266 re·
2190 1242 2198 1259 ,

379 1318 381 1327 ·
435 1299 654 1382 'stituerint
672 1296 743 1380 vel
763 1294 977 1377 amicabili
998 1293 1303 1402 compositione
1344 1317 1428 1376 non
1461 1291 1756 1376 satisfecerint.
1781 1323 1873 1378 uec
1910 1327 2009 1382 cum
2043 1303 2108 1384 iu-

440 1414 666 1502 uasoribus
689 1414 830 1525 aliquo
851 1413 979 1498 modo
1001 1409 1356 1496 concordabimus
1371 1412 1456 1496 ¹nini
1477 1415 1687 1520 premissa
1705 1415 1847 1500 omnia
1864 1419 2108 1529 complean-

438 1546 520 1616 tur.
558 1533 778 1616 Adicimus
801 1525 931 1614 etiam
951 1529 1070 1642 quod
1091 1531 1127 1610 si
1146 1525 1347 1638 predictis
1383 1523 1609 1614 Nobilibus
1642 1527 1785 1644 aliqua
1816 1525 2010 1644 Gw[erra
2030 1539 2110 1620 im-

370 1717 373 1726 .
440 1652 649 1756 minuerit,
674 1651 744 1770 et]¹
764 1650 800 1730 si
822 1651 874 1731 de
896 1649 1050 1732 nostris
1084 1643 1324 1730 hominibus
1363 1643 1495 1758 aliqui
1521 1645 1576 1732 ad
1597 1677 1669 1733 eos
1695 1645 1998 1762 declinauerint
2031 1681 2108 1763 pro

240 1723 266 1760 ⁸
411 1759 414 1770 '
442 1768 605 1855 Salutio
628 1768 882 1879 obsequium
903 1767 1140 1875 prestatur,
1161 1767 1277 1873 ipsos
1298 1791 1384 1847 non
1404 1764 1695 1876 impediemus,
1717 1770 1795 1850 sed
1816 1769 1873 1851 ad
1893 1797 1971 1854 nos
1996 1773 2109 1856 redi-

440 1915 486 1969 re
509 1886 613 1997 [non
634 1883 954 2000 defendeamus]
978 1910 1202 1994 quousque
1224 1911 1388 1995 gwerra
1409 1887 1549 1992 sopita
1578 1882 1703 1968 merit
1737 1886 1952 1991 inchoata,
1989 1899 2034 1972 et
2052 1892 2107 1974 ab

444 2005 558 2088 omni
593 2004 854 2112 impetitione
893 2031 978 2113 que
1015 2009 1163 2096 cenna
1193 2001 1308 2111 ipsos
1344 2005 1507 2088 moueri
1526 2012 1675 2111 posset
1713 2005 1879 2088 ratione
1918 2008 2111 2115 predicte

444 2119 615 2208 Gwerre
635 2121 791 2206 fuerint
813 2119 948 2232 [liberi
970 2129 1014 2200 et
1034 2122 1231 2228 exempti.
1265 2116 1555 2233 Qui]cumque
1591 2132 1732 2212 autem
1766 2121 1957 2229 predicte
1995 2151 2111 2208 com⁴

441 2241 650 2350 pactionis
687 2267 766 2326 seu
802 2237 1119 2344 compositionis
1156 2237 1336 2322 violator
1374 2240 1568 2339 extiterit,
1612 2240 1725 2322 omni
1759 2239 1855 2322 iu're'
1885 2253 2111 2348 prenotato
2147 2272 2152 2284 ‘

431 2353 642 2470 priuatus.
674 2357 757 2440 Pro
778 2356 859 2440 hiis
881 2363 1025 2438 autem
1045 2352 1259 2464 [omnibus
1282 2366 1326 2440 et
1346 2357 1541 2467 sin]gulis
1577 2355 1861 2442 obseruandis
1897 2359 2113 2470 imperpe-

335 2543 340 2551 .
440 2485 562 2558 tuum
581 2497 757 2582 presens
779 2473 985 2580 seriptum
1006 2471 1153 2592 sigile
1175 2474 1433 2560 venerabilis
1462 2473 1606 2557 Patris
1633 2477 1765 2558 nostri
1799 2471 1971 2560 Andree
2006 2478 2109 2586 Epi-

442 2593 563 2700 scopi
582 2591 798 2676 Plocensis
819 2591 1011 2678 Ecclesia
1034 2599 1077 2672 et
1096 2601 1239 2678 nostro
1259 2609 1305 2676 et
1327 2591 1683 2704 [supradictorum
1703 2591 1967 2703 Prin]cipum
2003 2593 2107 2680 feci-
2131 2663 2134 2670 .

440 2735 536 2792 mus
558 2709 817 2794 communiri.
848 2709 1009 2794 Datum
1027 2711 1071 2794 in
1091 2710 1311 2796 Rathzans
1329 2707 1384 2824 (²)
1406 2710 1530 2794 Anno
1555 2711 1718 2822 gratie.
1751 2704 1982 2820 Millesimo.
2015 2713 2107 2798 Du·

443 2827 691 2912 centesimo.
713 2824 1096 2940 vQuinquagesimo
1118 2839 1286 2941 quarto.
1321 2827 1503 2931 Octauo,
1523 2829 1796 2950 Kalendae...

547 3041 587 3126 (²)
606 3042 734 3125 Rurici,
754 3043 926 3142 oppidum,
943 3043 1021 3109 olim
1034 3042 1203 3110 castellani
1220 3043 1330 3124 sedes,
1346 3043 1380 3108 in
1395 3021 1530 3128 antiquo
1547 3041 1726 3128 palatinatu
1748 3043 1910 3142 plocensi,
1940 3045 2039 3115 hodic
2074 3049 2109 3114 iu

445 3130 585 3216 regione
600 3125 764 3194 Mlavensr
780 3131 887 3194 srtum.
1754 3149 1759 3178 ³

1206 3414 1365 3530 XXXI.

932 3637 1452 3738 &comae-anno
1478 3636 1635 3724 1255.

444 3817 1326 3982 urna-r
1340 3815 1931 3996 causer
1945 3817 2112 3916 rar·

350 4087 395 4182 ,“
547 4079 598 4166 Iu
618 4081 788 4168 nomine
809 4079 981 4167 Domini
1001 4083 1152 4166 Amen.
1201 4075 1414 4178 Quoniam
1450 4087 1620 4188 tempus
1659 4079 1860 4190 imprimit
1896 4081 2113 4193 quandam
2208 4123 2211 4133 ¹

441 4197 715 4285 infectionem
735 4195 866 4283 rebus
889 4199 1169 4309 calumpniae,
1192 4227 1217 4280 a
1239 4226 1414 4308 quares
1436 4207 1775 4305 corrumpuntur3
1812 4225 1868 4279 ne
1898 4197 1955 4302 id,
1992 4199 2111 4312 quod
2189 4258 2192 4262 -

444 4321 604 4429 geritur
623 4321 668 4400 in
688 4330 892 4428 tempore,
926 4346 1003 4432 per
1036 4316 1350 4425 corruptionem
1384 4317 1586 4424 temporis
1609 4316 1664 4400 ab
1686 4314 1875 4398 humana
1909 4321 2113 4404 memoria

376 4477 382 4492 ·
445 4435 647 4542 elabatur,
669 4448 713 4522 et
732 4467 786 4522 ne
806 4441 943 4547 possit
962 4433 1158 4544 scrupulo
1190 4435 1451 4542 praepediri
1476 4431 1611 4538 ullius,
1643 4434 1800 4520 assolet
1833 4435 2005 4544 scripto,
2044 4447 2108 4520 te-

444 4557 571 4638 stium
592 4567 635 4637 et
655 4557 828 4666 apicum
848 4553 1090 4638 testimonio
1111 4553 1383 4660 perhennari.
1404 4541 1679 4666 Quamquam
1700 4561 1744 4635 et
1764 4551 1942 4637 cuilibet
1961 4581 2113 4639 secun·-

408 4779 415 4788 ’
547 4771 590 4852 (¹)
611 4759 843 4858 Apographon
858 4791 877 4838 a
894 4769 1034 4838 doctiss.
1056 4765 1226 4855 Josepho·
1241 4745 1465 4853 Leplrowscio
1482 4767 1687 4862 descriptum
1703 4785 1743 4834 ex
1758 4767 1954 4858 archetypo,
1973 4766 2064 4854 quod
2079 4768 2112 4835 in

443 4854 645 4923 monasterio
663 4855 926 4945 Szezyrzycensi
941 4866 1140 4926 asservatur.
1164 4851 1314 4940 Sigillum
1331 4851 1546 4940 desideratur,
1562 4853 1699 4922 funiculi
1712 4854 1848 4922 virides.
