4856 5932
1056 735 1330 806 -oio-

364 933 706 1138 Dognbnleegni
725 937 899 1025 Polonie
920 935 1171 1048 (lancellary
1192 946 1234 1020 et
1256 937 1476 1049 Capitonei
1514 939 1804 1029 Oracoviensis
1842 942 2004 1027 sincere

369 1080 422 1138 no
455 1056 490 1137 is
542 1054 665 1139 iacti.

609 1635 1097 1720 {victimae-iiic
1122 1634 1201 1722 20
1228 1637 1425 1721 Martis
1449 1637 1588 1724 1424
1615 1658 1779 1724 anno.

367 1854 582 1928 communitati
610 1855 761 1954 lotium
783 1857 815 1928 iii
835 1855 909 1928 urbe
937 1859 1113 1937 Wietiata
1135 1859 1231 1932 tutas
1252 1859 1369 1952 iijolcli
1388 1859 1524 1932 notarius
1545 1858 1681 1932 ticiani·
1702 1859 1930 1950 sepianum
1944 1875 1963 1932 i
1977 1875 2012 1931 uo

361 1977 443 2094 'opis
463 1961 659 2032 nonunoini
689 1961 898 2048 quzowuye
917 1959 1035 2034 dicim
1049 1959 1312 2152 doiilliliilim
1337 1960 1376 2036 ut
1399 1979 1522 2038 romain
1547 1967 1630 2038 ciues
1654 1981 1688 2036 so
1708 1965 1813 2054 gratos
1837 1979 1909 2086 ersi
1930 1959 2014 2033 illm

472 2269 522 2352 In
552 2271 720 2353 nomine
752 2264 907 2354 domini
929 2297 1063 2354 amen.
1126 2268 1335 2372 Quoniam
1370 2271 1529 2382 fragilis
1564 2273 1778 2357 hominum
1812 2271 2010 2356 memoria

369 2388 613 2472 mortalitati
634 2388 829 2472 subiecta
869 2387 1047 2474 faciliter
1087 2419 1182 2473 cum
1219 2401 1407 2500 tempore
1441 2396 1484 2474 in
1505 2391 1754 2476 oblivionem
1792 2391 2012 2476 deducitur
2046 2347 2141 2614 kl

368 2509 451 2589 nisi
469 2509 697 2606 litterarum
719 2509 943 2591 munimine
966 2508 1320 2593 fueritroborata.
1345 2578 1351 2589 .
1382 2511 1562 2595 Proinde
1582 2537 1658 2594 nos
1675 2513 1907 2595 comunitas
1928 2509 2045 2625 Fri-p

367 2625 539 2710 brorum
560 2629 603 2710 in
634 2625 867 2736 Wyclyozlco
885 2655 1058 2736 presens
1083 2639 1125 2711 et
1144 2628 1287 2710 futura
1311 2633 1663 2740 recognoscimus,
1695 2627 1806 2729 Quia
1833 2627 2016 2714 honorass

371 2744 466 2828 bilis
489 2745 679 2829 dominus
719 2746 861 2830 Lucas
898 2745 1059 2857 Fyolek
1080 2733 1395 2832 Thenaiirorum
1432 2747 1652 2860 Regalium
1694 2749 1890 2834 notarius.
1952 2745 2012 2830 Ut
2134 2825 2144 2846 ,

372 2865 462 2945 eius
484 2876 588 2976 aput
607 2875 790 2948 nostram
815 2868 1114 2952 comunitatem
1137 2861 1361 2978 singularis
1393 2867 1601 2952 habeatur
1631 2871 1829 2954 memoria
1860 2893 2011 2978 perpe·
2076 2941 2112 2982 ,Ἤ

370 2988 444 3064 tue
466 2985 696 3068 secundum
722 2983 897 3070 formam
918 2990 962 3070 in
982 2985 1120 3070 littera
1153 2988 1284 3096 ipsius
1320 2985 1441 3071 nobis
1477 3013 1603 3096 super
1637 2988 1719 3071 hoc
1757 2989 1857 3070 data
1878 2991 1920 3069 et
1939 2973 2079 3162 pay
2111 2987 2115 2995 ’

364 3126 448 3184 nos
470 3114 659 3214 accepta.
692 3105 839 3189 Eidem
862 3107 1121 3190 universitati
1141 3113 1282 3188 nostre
1305 3133 1409 3216 opus
1430 3099 1697 3190 montaneum
1730 3107 1844 3217 quod
1864 3105 2023 3216 habuis
2047 3117 2053 3146 ³

222 3245 226 3254 ·
348 3265 351 3272 ⁴
369 3219 414 3301 in
434 3225 645 3307 montibus
668 3225 819 3334 Zuppe
840 3223 1135 3335 Wyeliciensis
1157 3225 1383 3309 Widelicet
1410 3221 1679 3332 Woszoiosloye
1699 3225 1919 3336 peccunijs
1941 3235 2013 3335 pet

369 3339 507 3448 ipsum
530 3351 717 3452 emptum
739 3353 782 3434 et
803 3345 982 3427 solutum
1001 3345 1117 3427 dedit
1139 3345 1311 3428 donavit
1344 3354 1557 3464 perpetue.
1608 3344 1695 3428 Nos
1725 3370 1895 3456 quoque
1918 3369 2014 3455 gran

333 3541 337 3550 ,
370 3467 458 3540 tam
481 3469 524 3543 et
544 3471 766 3571 acceptam
789 3462 1063 3548 donacionem
1084 3464 1321 3548 huiusmodi
1362 3463 1558 3548 habendo
1582 3462 1885 3547 deliberacione
1906 3464 2013 3546 inter

369 3603 447 3662 nos
467 3577 692 3689 prehabito
714 3581 770 3663 ad
791 3581 1065 3665 Tricesimam
1088 3581 1142 3694 (⁹)
1163 3581 1255 3666 loco
1291 3582 1571 3693 Anniversarij
1594 3584 1704 3664 utin
1724 3583 1864 3664 littera
1885 3581 2013 3692 origi-

373 3671 458 3782 nili
478 3725 554 3780 sue
573 3701 835 3810 paternitatis
878 3701 1058 3812 dediper
1088 3699 1282 3784 confecta
1317 3715 1381 3784 est
1407 3703 1684 3811 descriptum.
1712 3813 1714 3818 Ι
1745 3701 1833 3785 Nos
1857 3709 1899 3782 et
1918 3727 2014 3782 suo·
2068 3743 2070 3746 ·

372 3841 561 3902 cessores
582 3828 747 3904 nostros
770 3817 1008 3932 obligamus
1031 3829 1074 3902 et
1093 3820 1362 3930 astringimus
1398 3819 1478 3904 sub
1515 3821 1778 3920 consciencia
1809 3821 2014 3930 presenti-

370 3934 451 4019 bus
473 3939 670 4022 eviterne.
730 3940 890 4024 Datum
910 3943 953 4022 in
982 3937 1203 4050 Wycli'czlco
1222 3937 1325 4021 feria
1347 3948 1497 4048 quarta
1524 3941 1615 4050 ipso
1638 3937 1703 4020 die
1725 3940 1861 4022 sancti
1883 3937 2013 4026 Gum-

370 4059 479 4163 perti
508 4055 630 4143 Anno
654 4060 807 4143 domini
830 4059 1045 4144 Millesimo
1068 4058 1480 4171 quadringentesimo
1513 4060 1828 4170 septuagesimo
1850 4067 2016 4167 quarto.
2134 4163 2136 4168 Ι

250 4213 254 4228 =
357 4171 643 4278 ,Prosentibus
682 4179 859 4264 Nicolao
888 4177 1087 4293 'Barbato
1128 4177 1337 4262 Stanislao
1377 4177 1555 4262 Firnest.
1590 4177 1798 4264 Stanislao
1843 4173 2011 4259 Cliioala.
2043 4175 2116 4296 lfa

372 4288 570 4376 Johanne
593 4294 790 4405 Schynal.
809 4297 1032 4402 ¹Stanislao
1069 4297 1229 4406 Harny.
1275 4294 1447 4381 Andrea
1485 4295 1661 4400 Golaslcu
1698 4295 1947 4381 Consulibus
1970 4305 2016 4381 et
2096 4322 2097 4328 ‘

372 4411 462 4614 alijbs
483 4411 682 4614 frappibus
704 4416 984 4502 Oomunitatis
1006 4428 1146 4503 nostre
1168 4415 1361 4500 omnibus
1379 4419 1566 4503 eiusdem
1582 4415 1851 4499 fraternitatis
1867 4423 2009 4500 nostre
2075 4446 2078 4458 ¹

374 4557 425 4613 su
475 4559 554 4644 sigi
586 4559 621 4616 o.

408 4709 410 4716 ,
480 4734 517 4814 [ll
540 4731 700 4799 Tabulam
713 4734 881 4802 habuimus
897 4737 930 4801 in
947 4733 1125 4820 archetypo
1140 4733 1360 4802 adoctissiino
1374 4731 1755 4800 VenceslaoAlcxandro
1774 4711 2010 4819 Maciejovsoio

375 4820 470 4888 nobis
485 4825 734 4885 communicato.
758 4821 944 4906 Descripsit
958 4819 1042 4920 ill-ain
1059 4821 1127 4884 Leo
1145 4814 1407 4917 lbyszozewski.
1431 4815 1581 4966 Sipilluin
1596 4817 1808 4916 desideratur.
1839 4898 1841 4902 .

481 4903 637 5064 (arconf.
654 4904 693 4970 de
709 4905 772 4971 hoc
789 4905 900 5020 verbo,
917 4907 1062 4989 Lexicon
1080 4903 1202 4969 mediae
1217 4903 1386 4969 latinitatis
1404 4907 1469 4984 (aut
1495 4923 1549 4968 ore
1563 4899 1616 4968 Du
1633 4903 1816 5054 (tuingia).57
1969 4989 1975 5006 .

548 5035 612 5066 cmiii
625 5022 664 5064 ΙΙΙ.
