4844 5936
1140 773 1183 790 -
1239 738 1412 810 tot-

1143 1052 1416 1302 ternu.

674 1398 1143 1483 cracoviae—dte
1167 1399 1233 1484 15
1263 1397 1516 1487 Octobris
1542 1397 1695 1485 1490
1722 1420 1886 1484 onoc.

457 1619 740 1694 castrati-us
753 1619 1102 1706 lagenbruder
1116 1619 1182 1691 tax
1195 1618 1343 1694 lutariae,
1359 1615 1455 1692 narn
1470 1619 1613 1708 tinulo
1631 1621 1740 1694 trent
1754 1622 1785 1694 ir
1802 1623 2021 1711 rapotonem
2035 1637 2103 1698 ttr-

601 1728 668 1798 tm
682 1725 847 1816 nonaginta
860 1723 989 1798 torenna
1002 1722 1212 1814 rugatam
1224 1722 1255 1794 in
1266 1721 1495 1836 Stantstawioe
1511 1725 1544 1795 ct
1560 1725 1738 1815 tzyawaa
1751 1721 1889 1799 insaniit
1905 1730 1956 1810 (¹).

377 2024 382 2038 ,
558 1933 794 2019 Kazimirus
816 1933 885 2015 dei
906 1932 1050 2042 gracia
1070 1931 1160 2018 Rex
1181 1930 1363 2034 Polonie,
1384 1933 1565 2043 Magnus
1590 1931 1674 2015 dux
1692 1932 1957 2044 Lythwanie,
1993 1930 2104 2020 Rus·

299 2083 302 2092 ·
455 2055 515 2138 sie
536 2054 786 2164 prussieqne
806 2049 998 2136 dominus
1021 2061 1063 2133 et
1083 2053 1204 2135 heres
1227 2061 1306 2133 etc.
1341 2049 1641 2162 Significamus
1663 2061 1807 2138 tenore
1828 2055 2106 2164 presencium,

459 2172 611 2282 quibus
635 2171 804 2282 expedit
824 2172 1043 2256 uniuersis.
1092 2167 1217 2271 Quod
1238 2198 1334 2252 cum
1371 2170 1530 2255 Nobilis
1570 2171 1794 2280 Ocyrullus
1831 2173 1882 2256 dc
1930 2167 2105 2286 Wypna·

457 2319 541 2374 now
564 2288 618 2405 (⁹)
638 2289 773 2374 factor
794 2291 836 2371 in
858 2287 1169 2401 Nyepolomt'ybze
1205 2287 1339 2372 fidelis
1378 2290 1555 2372 dilectus
1591 2301 1733 2373 noster
1768 2291 1907 2400 Nobilj
1943 2291 2104 2374 Mathia

458 2409 546 2493 Sud
573 2412 626 2492 do
644 2407 906 2492 Proszcwicre
929 2407 995 2520 (ὅ),
1031 2417 1201 2491 centnm
1236 2417 1278 2489 et
1302 2413 1547 2522 ¹nonaginta
1575 2409 1754 2497 florenos
1790 2438 1863 2522 per
1890 2437 1967 2495 nos
1990 2411 2106 2520 apud

460 2529 638 2612 eundem
658 2527 859 2613 Mathiam
881 2533 1025 2612 mutuo
1048 2535 1248 2636 acceptos
1268 2530 1310 2609 in
1332 2527 1427 2612 villa
1449 2537 1593 2614 nostra
1610 2525 1848 2644 ‘Szycdtyccz
1871 2527 1938 2640 (⁴),
1975 2558 2105 2642 quam

457 2650 590 2730 tenuit
611 2648 843 2758 obligatam
873 2647 928 2728 ad
956 2657 1056 2731 vota
1091 2657 1234 2730 nostra
1266 2647 1525 2754 inscriberet,
1560 2644 1767 2760 tanquam
1805 2645 1996 2732 cauendo
2038 2649 2105 2732 vel

455 2768 724 2879 principalem
744 2768 868 2875 hujus
891 2763 1023 2847 debiti
1042 2795 1086 2849 se
1108 2766 1302 2875 ponendo
1324 2796 1399 2875 pro
1421 2767 1642 2850 Maiestate
1663 2781 1819 2870 nostra,
1840 2767 2014 2857 Extunc
2027 2794 2114 2885 nos⁸

458 2887 645 2971 volentes
667 2889 804 2996 ipsum
828 2883 1067 2994 Ozyrullum
1087 2885 1323 2968 indemnem
1347 2896 1390 2968 et
1410 2888 1636 2970 cerciorem
1668 2883 1837 2968 efficere
1857 2913 1934 2997 pro
1958 2888 2106 2970 eodem

397 3077 399 3084 .
461 3006 614 3110 debito,
635 3007 868 3116 peripsum
891 3003 945 3085 ad
967 3013 1066 3089 vota
1086 3015 1230 3088 nostra
1251 3005 1293 3085 in
1315 3005 1413 3089 villa
1436 3033 1512 3088 sue
1533 3015 1678 3088 tenute
1699 3007 1914 3114 inscripto,
1937 3005 2107 3089 eosdem

462 3132 629 3207 centum
653 3135 695 3208 et
714 3125 948 3236 nonaginta
968 3123 1148 3208 florenos
1170 3123 1479 3236 hungaricales,
1516 3124 1651 3207 eidem
1683 3123 1892 3236 Ozijrullo‚
1916 3133 1958 3207 et
1977 3125 2108 3233 ipsius

460 3245 786 3327 successoribus.
818 3242 1021 3353 profesto
1045 3240 1190 3326 Sancti
1212 3242 1298 3328 Viti
1318 3245 1701 3353 proximeventuro
1724 3243 1915 3338 exolvere
1935 3271 2108 3354 presen-

459 3363 573 3446 tibus
594 3363 848 3472 pollicemur,
880 3389 987 3473 quos
1018 3362 1054 3445 si
1076 3373 1175 3444 tunc
1197 3391 1282 3448 non
1302 3363 1559 3463 soluerimns,
1583 3373 1734 3446 extunc
1758 3389 1829 3448 eos
1851 3361 1934 3446 sibi
1956 3364 2108 3446 eteius

459 3482 788 3584 successoribus,
819 3481 863 3562 in
885 3479 1005 3564 bonis
1026 3483 1176 3565 nostris
1215 3483 1267 3565 ad
1297 3479 1612 3593 Mlepolcna'jcze
1632 3483 1956 3592 pertinentibus,
1992 3475 2108 3566 vide-

458 3602 556 3686 licet
574 3603 616 3684 in
641 3597 930 3683 Stcnislcrcr'czc
967 3610 1010 3684 et
1047 3597 1292 3712 Crotonae
1314 3601 1380 3716 (ὁ),
1412 3603 1700 3686 inscribendos
1738 3602 2016 3704 decreuimus,
2057 3627 2109 3683 ac

453 3721 544 3830 jam
563 3719 728 3802 realiter
751 3729 792 3804 et
813 3717 1007 3803 effectius
1027 3721 1304 3820 inscribimus
1338 3718 1527 3821 Quarum
1549 3721 1859 3832 possessionem
1886 3723 1930 3802 in
1952 3720 2110 3805 Crasti·

462 3865 517 3922 no
539 3835 636 3921 festi
655 3839 844 3949 predicti,
867 3838 1012 3924 Sancti
1033 3838 1119 3924 Viti
1139 3849 1388 3947 recepturus
1421 3849 1462 3923 et
1482 3839 1701 3942 habiturus
1738 3851 1814 3944 est,
1852 3867 1902 3924 ac
1921 3837 2111 3922 tandem

383 4049 391 4066 ,
460 3959 551 4070 ipso
573 3983 924 4068 successoresque
956 3962 1021 4043 sui
1043 3960 1211 4043 easdem
1258 3987 1354 4042 cum
1395 3959 1588 4044 omnibus
1621 3967 1664 4040 et
1695 3959 1870 4072 singulis
1901 3956 2112 4062 censibus,

463 4277 483 4344 d
564 4192 606 4274 (¹)
625 4189 678 4258 Ex
695 4188 845 4276 originali
860 4189 1000 4278 Josephi
1014 4192 1180 4258 Rusieccii
1202 4193 1350 4278 proprio,
1367 4191 1543 4278 descripsit
1569 4193 1652 4262 Ant.
1678 4192 1917 4260 Muczkowski.
1961 4189 2112 4281 Sigillum

484 4287 563 4344 cest.

564 4361 606 4446 (ἢ
626 4363 664 4428 ln
677 4362 794 4450 Regno
811 4357 963 4428 Poloniae
979 4360 1136 4426 moderno
1150 4371 1225 4452 srrnt
1236 4359 1330 4428 villae
1347 4361 1492 4449 ejusdcm
1511 4363 1652 4430 nominis
1678 4361 1861 4430 Kielcensis
1884 4373 1918 4428 ct
1933 4354 2114 4432 Sakalbmi·

462 4449 578 4516 niensis
597 4448 754 4536 regionis,
778 4455 996 4535 etpracterea
1012 4446 1137 4514 suntin
1153 4447 1411 4514 Sandomiriensi
1437 4449 1610 4534 provincia
1626 4458 1693 4515 tres
1721 4449 1830 4531 villae,
1858 4448 1891 4514 in
1920 4447 2114 4514 Lublinensi

463 4555 528 4598 nna
541 4531 618 4597 villa
641 4535 828 4624 prncuow
842 4532 1013 4616 appellata.
1589 4552 1595 4563 ·

564 4619 605 4698 (⁸)
627 4617 818 4696 Proszowr'rc,
835 4617 924 4704 urbs,
941 4617 1082 4704 regionis
1098 4629 1208 4704 capnt,
1221 4617 1254 4682 in
1263 4618 1475 4687 cracoviensi
1486 4617 1659 4719 provincia
1667 4617 1774 4718 Regni
1786 4616 1943 4684 Poloniac
1955 4615 2110 4682 moderni.

567 4703 605 4782 (⁴)
629 4703 754 4774 staua:
771 4704 819 4771 sic
834 4701 1039 4790 appellantur
1053 4702 1150 4767 villae
1160 4703 1363 4775 boloniensis
1378 4704 1751 4790 region1s‚llcussicnsrs
1766 4703 1938 4782 territorii,
1955 4703 2058 4768 altera
2068 4701 2111 4767 ad

461 4783 650 4874 parochiam
662 4790 864 4878 Kozicqlowyr
881 4786 982 4854 altera
1004 4787 1044 4854 ad
1058 4789 1247 4875 parochiam
1261 4789 1355 4854 villae
1373 4789 1468 4856 Pctclc
1482 4787 1691 4874 pertinentes.

569 4875 608 4953 (ὅ)
631 4871 736 4942 Villae
751 4873 908 4941 territorii
923 4875 998 4940 olim
1014 4874 1420 4963 Szczyrzyconsisssconf.
1435 4872 1576 4940 tabulam
1600 4875 1746 4961 proxime
1766 4873 2026 4961 praecedentem.
