4856 5932
1143 688 1418 766 -rst-

461 927 539 1014 pro
555 894 790 984 Lantcoaicr'
798 891 853 1008 (⁰)
866 900 992 1002 etpro
1008 889 1206 1006 Woznyle(
1217 890 1263 1001 ¹⁹)
1274 919 1370 974 cum
1380 891 1643 996 Ecclesiaad
1653 891 1865 980 Abbatem
1876 893 2105 1006 Thyncen-
2238 1001 2239 1004 p

461 1049 551 1106 nem
572 1015 776 1103 addendo.
799 1024 841 1098 et
861 1017 1029 1123 insuper
1059 1014 1208 1125 viginti
1242 1010 1407 1096 Maroae
1428 1009 1607 1124 Argenti
1627 1012 1891 1104 Lnnsooaa’cze
1912 1016 1988 1128 (¹¹)
2008 1043 2103 1102 cum
2139 1107 2143 1118 ,

464 1135 707 1226 (laetoribus
728 1145 771 1217 et
792 1163 888 1218 cum
909 1131 1147 1216 Molendino
1175 1159 1301 1239 super
1336 1132 1510 1218 fluuium
1531 1132 1711 1238 Rabam,
1743 1135 1859 1244 quod
1888 1163 2017 1219 vnum
2037 1133 2104 1218 lit-

463 1269 530 1346 tus
549 1258 761 1369 proprium
781 1252 941 1354 habuit,
964 1263 1007 1336 et
1028 1252 1139 1334 aliud
1168 1250 1377 1336 aOornite
1414 1249 1614 1338 Heinrioo
1649 1253 1827 1337 redemit
1859 1253 1971 1338 idem
2008 1253 2106 1340 Ole-

461 1403 578 1460 mens
598 1403 674 1492 pro
696 1374 844 1457 decem
865 1371 1017 1466 Marcis
1039 1373 1204 1484 argenti
1226 1380 1270 1454 et
1288 1371 1479 1454 uestibus
1515 1375 1558 1456 in
1586 1373 1769 1482 plenum.
1801 1371 1997 1486 Zagrooza
2016 1373 2105 1458 Na·-

462 1495 552 1580 tuze
576 1492 652 1604 (¹³)
675 1493 864 1577 Druszoro
888 1489 961 1603 (¹³)
983 1487 1344 1576 Permansisse
1365 1490 1612 1576 Laszour‘cze.
1644 1493 1754 1576 Item
1775 1491 1885 1576 idem
1908 1490 2105 1578 Clemens

461 1613 638 1699 eontulit
657 1614 739 1697 filie
762 1637 836 1696 sue
856 1609 1096 1722 Wisenyge.
1124 1608 1439 1696 sanctimoniali
1474 1612 1614 1696 villam
1647 1609 1807 1722 Nyemr'l
1835 1609 1908 1726 (¹⁴)
1941 1621 1989 1694 ut
2007 1619 2106 1722 post

211 1777 214 1790 ·
354 1791 356 1796 -
459 1743 634 1818 mortem
654 1760 773 1815 suam
794 1729 999 1816 conferret
1018 1729 1093 1814 ubi
1111 1729 1251 1812 uellet.
1283 1727 1390 1814 Item
1413 1731 1678 1830 confirmauit
1693 1757 1835 1814 coram
1850 1729 1972 1814 nobis
1996 1728 2107 1814 Wir-

462 1852 633 1964 byonllaa
672 1851 913 1960 Propositus
935 1850 987 1932 de
1011 1846 1274 1960 Stanpatlrelcp
1297 1849 1411 1956 quod
1422 1851 1521 1934 emit
1537 1879 1563 1934 a
1578 1849 1703 1934 Petro
1725 1848 1940 1940 Canonico
1958 1851 2107 1948 Eccle-

365 1989 368 2002 '
463 1972 525 2056 sie
545 1969 660 2056 beati
680 1969 916 2056 Wenceslai
935 1978 1098 2079 partem
1118 1967 1361 2052 hereditatis
1382 1969 1424 2050 in
1444 1967 1715 2080 Lutlrconpeze
1729 1999 1806 2080 pro
1825 1968 2108 2081 Septuaginta

462 2089 803 2202 Marcisargenti.
822 2099 863 2172 et
882 2088 1037 2174 ibidem
1058 2119 1083 2172 a
1104 2087 1417 2172 Domarzathko
1441 2115 1516 2198 pro
1540 2087 1734 2202 Triginta
1754 2090 1906 2176 Marcis
1928 2089 2108 2201 Argenti

366 2249 368 2256 ·
463 2218 508 2292 et
526 2208 703 2320 pellibus
724 2209 896 2320 wlpinis.
919 2218 962 2290 et
981 2235 1007 2290 a
1026 2206 1118 2292 filiis
1142 2206 1297 2292 Oosme
1319 2209 1418 2291 emit
1438 2218 1643 2315 quantum
1678 2208 1836 2294 ibidem
1867 2210 1910 2292 in
1932 2207 2109 2292 Lotlleo-

463 2327 550 2412 uiae
570 2327 812 2413 habuerunt
830 2354 905 2437 pro
928 2327 1124 2438 Triginta
1144 2326 1297 2426 Marcis
1337 2325 1517 2438 Argenti
1551 2340 1605 2410 et·
1625 2328 1789 2413 duobus
1813 2328 1945 2436 equis.
1998 2327 2106 2410 Item

462 2447 576 2532 idern
605 2445 835 2530 Wr'rbantlta
876 2445 1134 2542 confirmauit
1152 2448 1195 2528 in
1211 2448 1431 2554 presencie
1451 2448 1583 2532 nostri
1603 2448 1719 2558 quod
1741 2447 1934 2533 Clemens
1952 2445 2107 2532 Comes

227 2607 233 2620 ·
358 2621 360 2626 .
464 2569 758 2651 eommuttauit
780 2567 1065 2677 Monatoroycre
1088 2563 1161 2679 (Ν)
1192 2562 1406 2650 Wr'llrosloo
1427 2594 1502 2678 pro
1524 2564 1775 2652 Luteoar‘eze.
1796 2567 1874 2652 tali
1895 2566 2109 2650 condicio·

211 2703 214 2724 *
333 2795 337 2803 Ι
462 2711 529 2790 ne,
551 2681 676 2786 Quod
700 2685 1003 2796 Monotlzonycze
1026 2685 1080 2770 ab
1104 2713 1153 2768 eo
1176 2684 1431 2770 alienaretur
1452 2685 1603 2771 domus
1624 2685 1678 2770 de
1699 2683 1966 2797 Stnnyothelrp
1990 2685 2110 2769 etuel

462 2807 603 2916 pueris
625 2809 714 2889 eius
736 2805 932 2916 Triginta
951 2805 1117 2890 Marnas
1139 2805 1308 2914 argenti
1329 2804 1460 2890 daret.
1492 2803 1551 2900 Vt
1567 2814 1709 2888 autem
1725 2805 1805 2890 hee
1820 2815 1965 2892 nostra
1981 2805 2111 2890 deuo·

464 2934 510 3009 ta
531 2924 707 3010 donacio
730 2933 773 3008 et
794 2924 1061 3010 confirmacio
1082 2926 1336 3010 inconeussa
1355 2931 1525 3010 maneat
1547 2924 1694 3036 Sigillo
1716 2935 1857 3010 nostro
1878 2925 1989 3008 hano
2006 2923 2109 3012 Oar-

463 3044 597 3128 lulam
628 3045 822 3129 iussimus
846 3044 1043 3156 Sigillari.
1090 3043 1310 3156 Rogantes
1349 3045 1539 3129 dominos
1576 3055 1619 3126 et
1653 3058 1802 3154 patres·
1833 3043 2107 3150 venerabiles,
2185 3081 2190 3087 ·

463 3162 693 3248 Falconem
713 3161 1002 3262 Gneznensem
1039 3163 1414 3274 Archiepiscopum
1450 3163 1738 3248 Prandotham
1779 3163 2108 3250 Oraoouiensem

382 3343 384 3350 ·
463 3282 721 3394 Episcopum
744 3292 787 3364 et
805 3281 1017 3368 Andream
1040 3283 1348 3369 Maaouiensem
1381 3269 1656 3393 Episcopum*
1678 3293 1722 3366 et
1754 3283 1900 3368 Duces
1921 3281 2107 3370 Polonie.

462 3413 512 3486 ut
521 3429 628 3484 'cum
650 3410 835 3486 nostrum
859 3400 1053 3516 Sigillum
1073 3403 1251 3487 viderint
1288 3430 1521 3516 appensum
1560 3403 1616 3486 ad
1649 3405 1817 3490 maioris
1839 3402 2019 3490 Roboris
2039 3401 2110 3490 fir·-

460 3524 650 3610 mitatem
671 3549 751 3606 sua
771 3523 903 3604 eciam
924 3550 1135 3633 apponere
1156 3549 1240 3606 non
1259 3531 1467 3606 recusent.
1502 3521 1547 3608 Si
1569 3535 1709 3608 autem
1727 3524 1939 3634 quispiam
1961 3522 2013 3608 de
2030 3549 2105 3607 no·

464 3641 673 3752 strisfilijs
696 3650 770 3725 aut
792 3639 1233 3727 Successoribushanc
1247 3641 1625 3729 Confirmaeionem
1646 3661 1723 3726 sen
1739 3643 2016 3728 donacionem
2035 3669 2108 3727 co-

445 3757 632 3875 nabitur
654 3765 866 3844 eneruare.
888 3773 985 3846 ante
1008 3763 1241 3846 districtum
1276 3760 1475 3848 ludieem
1502 3763 1546 3845 in
1568 3764 1721 3847 nostris
1744 3761 1905 3846 delictis
1928 3768 1972 3844 et
1992 3787 2108 3846 com·

434 3945 437 3951 ν
567 3909 608 3988 (⁹)
631 3909 793 3978 Fortassis
808 3914 981 3994 Igllouiea
999 3911 1076 3977 villa
1091 3912 1234 3998 regionis
1249 3911 1529 3987 Proszovicensis.
1545 3913 1754 4001 parochialis.

449 4053 459 4067 .
567 3995 622 4076 (¹⁰)
656 3997 792 4062 Woznilci
806 3995 884 4062 villa
899 3999 931 4064 in
948 3996 1114 4064 territorio
1134 3995 1571 4076 ducatusOswiacimiensia
1591 3999 1631 4065 ab
1648 3999 1727 4066 urbe
1742 3999 1839 4068 Zeus
1853 3997 2106 4064 meridiemver·
2186 4035 2190 4045 ·

346 4127 347 4130 =
466 4103 531 4159 sus,
546 4101 612 4146 non
629 4079 777 4165 procula
792 4078 892 4146 fluvio
908 4083 1028 4150 Sioua.

568 4167 622 4248 (¹¹)
643 4162 730 4245 ¹Villa
745 4167 931 4246 monasterii
947 4167 1113 4244 ballomer
1128 4166 1162 4231 in
1177 4163 1365 4234 Boohnensi
1379 4167 1514 4247 circulo,
1526 4189 1591 4233 non
1603 4167 1720 4255 procul
1735 4192 1754 4234 a
1769 4167 1873 4236 rivulo
1888 4167 1989 4237 Rata.

568 4253 624 4334 (¹²)
646 4252 717 4318 Has
733 4248 826 4315 villas
841 4272 905 4314 non
921 4249 1110 4314 invenimus.
2014 4278 2018 4290 ·

570 4339 625 4420 (¹⁸)
643 4334 809 4403 Fortassis
824 4333 999 4408 Dastarkon,
1008 4355 1117 4484 prope
1132 4335 1246 4402 urbem
1271 4335 1392 4400 Carion
1407 4330 1538 4415 dictam,
1553 4338 1586 4404 in
1601 4339 1793 4408 Boohnensi
1807 4339 1941 4408 circulo.
1965 4339 2111 4425 sequens
2178 4344 2185 4362 '

465 4421 550 4499 villa,
566 4422 780 4512 Przemerzany
796 4433 855 4501 est,
876 4421 914 4487 de
931 4439 1006 4506 qua·
1020 4441 1079 4506 ege
1094 4421 1127 4484 in
1142 4419 1365 4508 superioribus
1380 4417 1509 4489 tabulis.

569 4509 623 4590 (¹⁴)
646 4509 697 4574 De
712 4506 799 4591 quali
815 4506 890 4572 villa
906 4505 1098 4572 mentionem
1111 4505 1177 4572 huc
1191 4507 1428 4592 legimus‘l'nou
1445 4526 1620 4587 possumus
1635 4507 1754 4576 disere.

568 4593 623 4674 (¹⁸)
644 4592 749 4658 Villae
765 4593 1011 4660 Moniacalrowics
1025 4599 1059 4656 et
1075 4593 1290 4660 montaneae
1302 4590 1336 4656 in
1348 4589 1527 4675 provincia
1543 4595 1682 4677 aurique
1703 4595 1915 4664 Oracoviensi
1930 4605 1983 4662 est
1997 4601 2115 4680 regio-¹

463 4698 505 4742 ne
519 4675 769 4744 Proszovieensi
785 4675 1046 4759 inveniuntor‚in
1061 4677 1227 4764 parochiis
1241 4675 1512 4772 Niegardoviensi
1527 4691 1559 4746 et
1574 4679 1819 4761 Predocinensi.
1837 4681 1903 4750 Sed
1918 4681 2108 4761 slawitski,

467 4761 547 4826 male
561 4759 714 4829 hocloco
731 4786 788 4849 pro
804 4763 882 4829 villa
897 4762 1058 4830 Garatooire
1074 4764 1106 4826 in
1122 4763 1193 4831 aliis
1220 4761 1339 4828 tabulis
1368 4760 1508 4846 laudata,
1538 4765 1598 4834 has
1624 4765 1706 4834 duas
1723 4767 1918 4853 scriptorem
1945 4768 2108 4854 posuisse,

464 4854 568 4934 putat
611 4845 664 4913 De
680 4847 751 4914 aliis
767 4847 852 4918 villis
867 4847 1018 4936 superins
1032 4848 1066 4914 in
1081 4850 1181 4919 vitriis
1195 4849 1279 4918 loeis
1293 4846 1443 4916 diximus.
