4822 5924
1095 765 1140 782 -·
1195 727 1366 802 354-

405 933 557 1016 hannis
588 931 856 1042 proximiores
887 929 1022 1012 redire
1056 928 1211 1012 debent
1234 937 1276 1010 et
1294 927 1449 1012 reuerti
1477 927 1602 1040 pleno
1633 925 1757 1032 dure,
1787 926 2059 1014 Pmsencium

406 1053 487 1136 sub
508 1060 648 1136 nostre
669 1049 902 1131 maiestatis
926 1046 1073 1160 sigillo
1095 1048 1333 1132 testimonio
1362 1047 1607 1160 litterarum.
1658 1044 1814 1130 Actum
1834 1047 1878 1130 in
1901 1043 2057 1132 Corczin

405 1170 449 1254 in
470 1171 651 1254 crastino
685 1167 833 1253 Sancti
862 1165 1017 1250 Jacobi
1049 1157 1248 1280 Apostoli
1262 1165 1387 1249 Anno
1410 1166 1565 1250 domini
1585 1165 1804 1250 millesimo
1826 1165 2058 1251 Trecente-

405 1290 509 1374 simo
530 1281 818 1398 Nonagesimo
840 1287 983 1370 tercio.
1034 1285 1308 1372 Presentibus
1338 1283 1566 1395 Spithcone
1589 1283 1863 1370 Orncouicnsi
1882 1285 2059 1372 Iescone
2157 1276 2161 1296 '

405 1405 559 1521 lipuoza
579 1407 825 1490 lanciciensi
845 1405 1047 1490 Palatinis
1071 1405 1265 1514 dobeone
1287 1405 1339 1487 de
1363 1400 1578 1488 Coacacr'oze
1614 1403 1817 1514 Dapifero
1851 1405 2058 1490 michaele

405 1523 653 1628 Subiudice,
696 1525 1051 1611 Oracouiensibus
1093 1523 1339 1609 Prandothe
1381 1521 1609 1609 Subiudice
1651 1522 1980 1610 Sandomiriensi
2017 1533 2060 1608 et

404 1643 598 1729 Hinczca
620 1643 986 1728 Vicethesaurario
1010 1673 1060 1728 ac
1083 1645 1172 1728 aliis
1194 1643 1338 1728 multis
1361 1643 1513 1728 nostris
1528 1641 1729 1752 ¹fidelibus
1750 1641 1988 1755 fidedignis.

1130 2067 1339 2184 curu.
1458 2229 1460 2234 Ι

676 2323 1080 2411 Placetne-29
1102 2313 1602 2426 §rememorarem
1620 2345 1785 2410 anno.
1917 2427 1920 2434 ι
2047 2435 2049 2442 Α

402 2544 675 2618 Msclslaus
704 2544 806 2618 libas
820 2545 993 2618 Turrensis
1014 2547 1116 2617 eamr
1143 2543 1235 2616 villas
1250 2541 1506 2618 et‘trerolitrter
1533 2546 1758 2620 anemurio
1778 2543 1929 2620 almam
1948 2561 2055 2620 mur
2138 2558 2140 2562 ·

477 2659 552 2730 enit
567 2660 601 2730 ot
613 2657 802 2730 murmurio
816 2655 965 2750 adjungit,
979 2655 1116 2741 metrali
1130 2655 1260 2728 Pmrrilr
1273 2672 1346 2728 vero
1361 2655 1467 2730 vertit
1481 2656 1698 2735 sumerton
1712 2656 1907 2737 adunatim
1922 2660 1974 2740 (¹).

503 2865 555 2950 In
575 2867 743 2948 nomine
763 2859 933 2950 Domini
953 2863 1102 2949 Amen.
1133 2863 1342 2948 Humanis
1363 2864 1492 2948 rebus
1513 2893 1645 2976 saepe
1667 2865 1807 2978 caligo
1829 2865 2053 2954 oblivionis

403 2995 444 3070 et
474 2987 696 3094 scrupulus
738 2985 973 3068 calumniae
1014 2994 1307 3087 novereantur,
1335 2984 1423 3078 ,nisi
1458 2985 1615 3094 scripto
1650 2984 1823 3069 testium
1844 2996 1888 3069 et
1907 2989 2053 3096 scripti
2175 3093 2179 3100 Ι

400 3107 637 3188 testimonio
658 3131 843 3212 perenne
862 3104 1071 3213 recipiant
1092 3101 1413 3186 firmamentum.
1460 3102 1518 3186 Et
1536 3103 1712 3214 proinde
1733 3131 1809 3189 nos
1830 3103 2051 3190 Msoislaus

398 3223 666 3310 miseratione
687 3223 843 3307 Divina
863 3221 1031 3326 Abbas,
1052 3220 1207 3305 Paulus
1228 3222 1358 3327 Prior,
1380 3220 1411 3305 J
1413 3249 1571 3308 oannes
1593 3223 1885 3333 Praepositus,
1909 3221 2050 3309 Steni-

399 3345 511 3426 slaus
534 3341 703 3446 Custos,
723 3341 926 3427 Matthias
949 3341 1162 3451 Olaviger,
1184 3339 1373 3426 loannes
1393 3341 1656 3447 Procurator,
1672 3341 1863 3428 Joannes
1881 3343 2053 3448 Cantor,

397 3462 598 3548 Nicolaus
612 3459 841 3547 Confessor
861 3471 1068 3572 totusque
1079 3459 1325 3560 Conventus
1340 3462 1583 3572 Monastery
1594 3461 1872 3572 Tyniccensis
1885 3460 2053 3548 Ordinis

399 3580 441 3667 S.
463 3582 684 3666 Benedicti
705 3580 999 3665 Oracoviensis
1030 3577 1287 3665 Dioeceseos
1319 3591 1466 3665 notum
1502 3579 1681 3664 facimus
1705 3581 1861 3694 quibus
1884 3581 2055 3691 expedit

400 3703 601 3784 universis
630 3702 913 3811 praesentium
944 3700 1134 3783 notitiam
1166 3698 1386 3783 habituris.
1439 3698 1565 3802 Quod
1586 3727 1663 3784 nos
1683 3701 1875 3785 volentes
1910 3699 2010 3810 prof
2031 3750 2050 3765 ·

398 3831 513 3903 curm
536 3830 578 3902 et
596 3823 819 3904 utilitatem
848 3819 1091 3928 Monastery
1121 3822 1254 3914 nostri
1285 3818 1496 3924 ordinare,
1515 3819 1560 3902 in
1579 3819 1687 3902 villis
1708 3822 1860 3906 nostris
1884 3830 1927 3902 et
1945 3820 2049 3904 hae-

396 3941 577 4024 reditate
599 3941 698 4022 dicti
718 3939 961 4046 Monastery
980 3939 1129 4041 nostri,
1151 3937 1350 4022 videlicet
1368 3935 1558 4053 Kaspeira,
1589 3937 1841 4049 Damborzyrr
1861 3949 1903 4022 et
1924 3937 2049 4024 Seul'-
2138 4023 2141 4028 ,

396 4061 501 4143 tetia
519 4059 563 4140 in
584 4056 793 4152 Zborooice
822 4087 899 4166 per
929 4055 1285 4141 Praedecessores
1315 4059 1545 4152 nostrosin
1566 4057 1824 4170 obligatione
1864 4059 2051 4142 diversa·

396 4207 488 4264 rum
508 4203 765 4262 summarum
795 4177 999 4287 pecuniae
1031 4172 1258 4278 alienatas,
1287 4177 1489 4288 ipsasque
1523 4206 1711 4263 exemere
1734 4187 1778 4262 et
1796 4177 2051 4282 Monasterio

395 4309 540 4385 nostro
571 4322 820 4382 econverso
853 4295 1103 4404 adiungere,
1134 4287 1371 4378 Trecentos
1401 4323 1566 4394 mareas
1598 4325 1841 4409 grossorum
1871 4297 2057 4385 latorum

397 4419 694 4530 Pragensium,
726 4411 1022 4528 Quadraginta
1053 4419 1150 4497 octo
1183 4439 1354 4525 grossos
1385 4441 1460 4524 pro
1492 4417 1683 4529 qualibet
1709 4445 1854 4508 marca
1875 4445 2051 4528 compu-

398 4537 528 4646 tando
548 4537 785 4648 recepimus
807 4536 923 4645 apud
943 4529 1181 4621 Honestum
1203 4531 1349 4618 Virum
1369 4534 1619 4622 Michaelem
1640 4535 1694 4619 de
1714 4535 1871 4623 Rerich
1892 4537 2051 4620 dictum

397 4651 587 4759 Pueaoilc,
618 4685 693 4768 pro
726 4655 882 4768 quibus
914 4653 1086 4768 quidem
1116 4651 1337 4738 Trecentis
1368 4653 1520 4742 marcis
1558 4682 1801 4770 grossorum
1823 4655 2050 4742 exemimus

504 4889 545 4970 (¹)
567 4885 719 4958 Tabulam
732 4891 817 4960 hanc
830 4891 865 4959 in
880 4888 1072 4979 apographo
1087 4835 1340 4958 communicavit
1353 4889 1524 4959 nobiscum
1537 4885 1707 4977 «Iosephus
1721 4889 1945 4978 nepkowsm„
