4952 5926
1140 702 1464 774 ..53...1

432 849 754 990 confirmamus,v
776 858 968 985 Retinuit
986 906 1142 1002 tamen,
1171 899 1264 1007 ipss
1295 896 1431 983 abbas
1452 899 1761 983 usumfructum
1784 899 1961 987 dunum
1992 927 2089 1009 par..

315 1015 318 1026 ’
431 1021 556 1124 cium,
577 1024 706 1112 tercie
737 1019 870 1128 partis
901 1041 1026 1098 nsum
1062 1007 1222 1125 ejsdcm
1244 1016 1434 1102 tribuens
1455 1019 1499 1098 in
1519 1017 1720 1127 presentj.
1769 1014 1877 1100 Item
1899 1019 2090 1104 donatio-

429 1167 528 1220 nem
549 1141 671 1222 sortis
693 1137 746 1220 de
768 1133 991 1230 doleclmus'c
1012 1132 1067 1247 (⁹)
1088 1133 1199 1244 seruj
1221 1133 1614 1246 glebe,spectantis
1643 1137 1698 1220 ad
1719 1137 1917 1218 cracouie
1938 1138 2091 1220 castel·

427 1256 582 1358 lanum,
602 1253 762 1340 factam
783 1281 809 1334 a
829 1262 972 1336 nostro
993 1260 1145 1361 patruo
1161 1253 1352 1364 predicto
1374 1252 1559 1363 Janconj
1580 1265 1762 1363 patrono
1781 1253 1952 1362 claustrj
1969 1265 2091 1338 ante·

427 1371 516 1480 fatj,
541 1383 584 1456 et
605 1373 805 1457 donatam
825 1371 906 1480 ipsj
929 1370 1125 1474 claustro
1144 1379 1281 1482 ratam
1297 1381 1520 1456 carmentes
1537 1371 1853 1456 confirmamus..
1881 1369 1978 1472 Qus
1999 1389 2089 1458 sors

426 1491 616 1576 uacabat
633 1502 748 1594 tunc,
786 1489 1046 1597 colonojejus
1069 1487 1126 1570 ad
1145 1497 1278 1570 terras
1315 1498 1480 1574 exteras
1516 1487 1721 1600 fugiente.
1767 1489 1875 1572 Item
1913 1491 2089 1574 alteram
2145 1510 2147 1516 “

425 1618 581 1694 sortem
603 1611 713 1717 seruj
736 1607 927 1715 ejusdem
947 1607 1199 1690 conditionis
1219 1605 1378 1688 ibidem
1399 1606 1649 1716 donuujmus
1667 1635 1764 1688 cum
1779 1616 1911 1690 matre
1927 1619 2085 1712 nostra,

424 1729 680 1814 monasterio
717 1717 920 1834 sepefato.
966 1723 1174 1808 Dedimus
1211 1723 1505 1806 nichilominus
1541 1751 1672 1806 unum
1708 1725 1939 1808 caldarium
1970 1727 2087 1836 quod
2125 1747 2144 1778 ⁴

426 1871 453 1926 a
472 1845 605 1955 uulgo
619 1843 741 1926 chron
753 1844 1004 1924 nominatur.
1023 1841 1282 1950 cumpecina.
1298 1841 1342 1920 in
1359 1840 1507 1924 hoctun
1518 1841 1701 1924 claustro
1720 1842 1773 1924 de
1789 1841 1973 1944 ttuaetelc,
1987 1869 2088 1927 con·
2164 1942 2169 1951 Ι

380 2058 383 2068 Δ
423 1963 648 2055 stituentes
669 1969 719 2044 ut
738 1959 915 2072 singulis
937 1957 1088 2041 diebus
1111 1957 1164 2038 da
1185 1955 1303 2064 fonto
1325 1967 1471 2042 nostro
1488 1959 1638 2068 liquidi
1658 1959 1969 2043 salisinbcctnn
1989 1986 2088 2070 sep·
2159 2023 2167 2034 .

424 2089 511 2176 tem
526 2075 722 2194 tins(sic)
740 2078 795 2160 ad
810 2075 1023 2185 prefatum
1038 2074 1270 2158 caldarium
1284 2085 1492 2184 perpetuo
1509 2077 1789 2160 conferantur.
1816 2076 1924 2160 ltem
1942 2071 2101 2185 proui-⁸

425 2198 575 2280 dentes
597 2195 868 2304 conscjentijs
897 2195 1085 2302 ipsarum
1116 2191 1360 2299 monjulium
1390 2193 1629 2304 lenigandis
1660 2222 1748 2304 quo
1778 2192 1988 2277 securius?
2009 2197 2085 2307 (¹⁰)
2193 2255 2199 2260 -
2339 2261 2343 2274 .

421 2311 644 2428 (facilius'l)
655 2339 782 2422 puras
805 2312 1114 2424 orationesprp
1135 2307 1288 2393 nostra
1300 2309 1437 2392 salute
1459 2340 1510 2394 ac
1530 2322 1675 2396 nostre
1694 2312 1838 2396 matris
1860 2308 2084 2394 dilectissi-

323 2465 326 2472 ·
349 2467 353 2475 ⁴
420 2460 579 2516 manac
595 2455 679 2516 nou
703 2439 745 2510 et
765 2429 1033 2540 cunegundis
1053 2437 1195 2512 nostre
1216 2429 1411 2538 coniugis
1432 2427 1602 2512 ualeant
1615 2431 1757 2512 leuare
1768 2428 1824 2508 ad
1841 2428 2084 2532 deum,·sor·

348 2607 353 2616 -
419 2561 506 2632 tem
529 2551 581 2630 de
601 2573 749 2633 sacrem
783 2550 893 2656 seruj
914 2549 1146 2656 spectantis
1180 2546 1236 2628 ad
1257 2547 1453 2630 cracouie
1487 2546 1778 2648 castellanum,
1806 2573 1938 2655 quam
1951 2547 2083 2656 junco
2163 2549 2169 2562 '

418 2666 607 2774 prefatus
630 2665 739 2762 clam
761 2668 999 2775 occupauit,
1014 2663 1121 2774 jtem
1141 2674 1276 2746 terras
1306 2691 1384 2773 per
1417 2663 1667 2748 clementem
1698 2665 1975 2774 princjpalem
2005 2695 2084 2775 pa-

417 2795 587 2896 tronum
609 2793 651 2866 et
670 2782 935 2886 fundatorem
956 2783 1129 2893 claustrj
1153 2785 1205 2864 de
1226 2779 1397 2863 stocetelt
1419 2791 1615 2889 optentus
1638 2781 1735 2896 (sic)
1757 2783 1800 2890 uj
1818 2792 1892 2866 a'ut
1912 2783 2024 2866 clam
2038 2787 2082 2872 in

380 2986 385 2994 ,
417 2901 644 2984 smirduclza
680 2910 724 2982 et
752 2903 795 2982 in
832 2899 962 3012 bclanj
993 2901 1081 3014 (Η).
1114 2901 1222 2985 item
1260 2909 1416 2982 terram
1460 2903 1504 2986 in
1532 2929 1674 3014 pruses
1707 2931 1734 2984 a
1752 2900 1925 2984 uirbuta
1945 2903 1988 2984 ui
2010 2915 2084 2985 sut

418 3019 803 3127 clumoccupatam,
816 3027 1133 3127 etpemutatam
1152 3013 1250 3130 (sic)
1272 3015 1466 3126 michaelj
1489 3018 1717 3129 preduogij
1734 3045 1809 3126 pro
1831 3027 1941 3102 terra
1964 3020 2082 3102 adia-
2121 3101 2129 3114 ,

418 3143 541 3218 cente
551 3137 700 3244 predio
710 3137 954 3244 premortua
969 3138 1199 3238 nominate,
1208 3133 1316 3242 jtem
1335 3136 1543 3246 quicquid
1566 3135 1616 3216 de
1638 3138 1758 3220 terris
1781 3143 1825 3216 et
1843 3127 2007 3243 iurjbus
2029 3166 2083 3248 ac

257 3261 265 3274 '
415 3253 468 3336 de
504 3253 652 3336 usibus
687 3260 893 3341 terrarum
928 3253 1135 3338 adducis
1171 3254 1236 3337 ius
1272 3255 1573 3364 pertinentium
1602 3280 1678 3360 per
1709 3252 1919 3336 uirbetam
1938 3254 1981 3363 uj
2004 3267 2079 3340 aut
2116 3269 2121 3277 ’

415 3369 525 3453 clam
546 3378 613 3453 est
630 3377 882 3483 usurpatum
900 3369 946 3450 iri
965 3371 1122 3481 predijs
1144 3373 1391 3482 prenotatis
1424 3370 1624 3480 ujdelicet
1643 3383 1796 3454 ostrmc.
1830 3397 1987 3484 coryco.
2020 3372 2081 3456 ln·

414 3487 537 3580 touicr‘
570 3483 783 3570 climeutow
822 3479 981 3594 dictum
1002 3485 1090 3602 (Ν).
1110 3487 1358 3602 postiruds'cj.
1393 3489 1632 3600 Machocicj.
1655 3517 1807 3574 zucreu.
1832 3501 1949 3576 zawr.
1974 3501 2017 3576 et
2035 3494 2082 3576 in

414 3606 506 3714 aljjs
527 3603 685 3716 predijs
721 3607 963 3716 monasterij
987 3608 1039 3688 de
1060 3605 1244 3706 stnnetelt,
1281 3607 1440 3718 ujcium
1460 3607 1521 3714 rej
1543 3637 1619 3715 per
1640 3609 1727 3702 uim
1748 3619 1824 3688 aut
1845 3609 1957 3688 clam
1976 3637 2092 3716 pos-*¹

347 3775 351 3784 ν
412 3749 529 3808 sesse
550 3733 796 3832 purgantes,
819 3724 1025 3808 donamus
1046 3727 1364 3836 inperpetuum
1382 3724 1635 3808 monialibus
1668 3724 1908 3830 monasterij
1931 3749 2079 3832 supra·

411 3837 569 3952 seriptj.
601 3840 672 3924 Ad
685 3841 771 3922 *hee
794 3843 1091 3928 confirmamus
1114 3846 1258 3928 omnia
1277 3843 1425 3950 predia
1461 3839 1615 3923 collata
1646 3839 1805 3948 ejsdem
1826 3839 2082 3928 monialibus

411 3988 486 4070 per
508 3957 757 4042 clementem
770 3960 996 4068 quondam
1017 3959 1294 4044 castellanum
1315 3959 1510 4042 cracouie
1532 3954 1800 4068 firndatorem
1832 3961 2083 4072 monasterij·

410 4077 614 4188 ejusdcm.
638 4083 680 4158 et
698 4105 775 4186 per
795 4073 945 4160 fratres
968 4079 1058 4187 ejus
1082 4077 1297 4162 dominum
1319 4076 1520 4158 andream
1551 4077 1797 4186 episcopum
1833 4075 2076 4184 plocensem

513 4279 557 4359 (⁹)
579 4277 784 4343 Boleclrowirc
796 4275 874 4342 villa
888 4299 960 4375 reg.
976 4273 1222 4356 cracoviensis,
1240 4296 1317 4339 suae
1333 4271 1512 4368 parochiae
1528 4283 1638 4360 caput.

511 4363 569 4442 (¹⁰)
588 4362 640 4430 Ita
653 4359 793 4448 legimus
808 4359 1099 4428 abbreviationem:
1115 4371 1152 4444 q⁰
1164 4359 1262 4426 seim.

511 4445 564 4526 (Η)
586 4447 747 4513 Fortasse
766 4442 844 4508 villa
858 4444 1057 4526 Smierdraca
1071 4445 1219 4531 regionis
1235 4443 1481 4526 cracoviensis,
1501 4463 1572 4528 par.
1589 4439 1632 4505 ad
1645 4441 1761 4506 Liszki
1777 4442 1972 4526 spectantis,
2004 4465 2071 4508 non

407 4527 525 4676 procul
540 4530 773 4596 amonasterio
790 4528 1046 4596 Camalduliensi
1060 4528 1187 4594 invilla
1201 4530 1354 4616 Biclany,
1371 4528 1413 4592 ad
1428 4527 1533 4614 ripam
1558 4525 1720 4608 vistulae,
1750 4549 1816 4589 uno
1846 4536 1974 4592 tantum
2000 4527 2073 4592 mil-

420 4612 504 4677 iario
520 4633 540 4675 a
555 4612 718 4680 Cracovia
739 4611 903 4680 distantis.
1228 4689 1235 4698 ,

431 4779 437 4798 .
481 4749 486 4754 -
511 4693 567 4778 (¹²)
590 4695 722 4766 Clarum
735 4707 787 4766 est
801 4699 913 4798 igitur,
931 4695 1042 4798 villam
1056 4697 1222 4779 antiquam
1238 4695 1360 4794 lutoairi
1374 4705 1494 4794 postea
1507 4697 1675 4766 elimentum
1691 4693 1811 4759 dictam
1829 4717 1914 4770 csse;
1930 4693 2065 4778 privile·¹

402 4803 494 4866 grum
510 4799 652 4864 sequens
668 4803 788 4848 neuim
803 4783 950 4870 ejusdem
965 4791 1176 4868 conjecturae
1191 4779 1248 4847 dut
1261 4789 1493 4851 testimonium.
