4822 5924
1012 719 1288 798 -tet-

306 935 398 1008 tera
418 945 520 1004 vero
542 931 663 1029 parte
684 919 802 1028 fluvy
824 919 1054 1029 supradicti
1091 946 1240 1003 versus
1273 917 1420 1002 Zotbor
1441 917 1649 1030 quicquid
1669 919 1803 1004 Lanei
1825 923 1984 1007 ibidem

305 1041 462 1125 fuerint
481 1039 737 1140 mensurati,
761 1037 814 1118 de
837 1037 1031 1146 quolibet
1051 1036 1213 1150 Leuso
1219 1036 1385 1120 ratione
1402 1037 1569 1121 Census
1590 1037 1774 1120 mediam
1796 1069 1983 1126 marcam

305 1142 541 1269 supradicti
563 1158 748 1257 numeri,
770 1155 894 1240 nobis
917 1164 959 1238 et
979 1155 1133 1239 nostris
1158 1153 1508 1258 successoribus,
1538 1154 1702 1238 ratione
1734 1185 1835 1241 vero
1868 1162 1984 1242 deci·
2037 1259 2046 1272 ⁸

304 1305 399 1360 mae
428 1285 614 1383 quatuor
635 1283 778 1363 scotos
789 1299 1062 1386 grossorum
1067 1273 1430 1384 supradictorum,
1453 1301 1521 1359 cur
1511 1272 1598 1357 de
1616 1269 1726 1381 dure
1749 1275 1984 1380 debuerint,

303 1403 432 1506 prout
467 1393 661 1500 superius
698 1401 763 1473 est
799 1417 1045 1501 expressum
1081 1392 1301 1474 similiter
1289 1419 1332 1471 ιιι
1353 1390 1483 1475 Festo
1524 1390 1566 1475 S.
1601 1372 1769 1473 Martini
1802 1340 1984 1506 singulis

306 1513 427 1598 aunis
445 1509 612 1628 selme
631 1518 867 1596 terrestrum.
914 1509 999 1594 Pro
1029 1498 1225 1594 Ecclesia
1254 1509 1384 1595 etiam
1403 1517 1452 1596 at
1470 1508 1697 1594 Rectote'
1684 1513 1819 1618 ipsius
1853 1534 1982 1600 ιιιιιιι

303 1632 498 1716 Laneum
530 1625 730 1738 agrorum
761 1627 921 1709 ibidem
945 1624 1002 1708 ab
1021 1629 1104 1709 ista
1134 1637 1269 1738 parte
1277 1650 1428 1711 versus
1449 1627 1726 1731 Cracoriam,
1769 1657 1795 1712 a
1816 1629 1980 1740 Campo

306 1779 380 1860 qm
369 1747 556 1830 dicitur
577 1745 728 1828 Bobic'e
761 1773 857 1827 oum
890 1741 1058 1828 duobus
1094 1747 1226 1832 hortis
1260 1746 1437 1849 liberos,
1472 1745 1632 1828 ibidem
1669 1748 1979 1852 adiacentibus,

306 1868 455 1953 damus
477 1874 520 1956 et
540 1864 811 1976 assignamus
840 1867 1065 1972 perpetuis
1104 1865 1364 1976 temporibus
1397 1865 1690 1974 possidendos.
1744 1867 1801 1950 Et
1831 1867 1982 1952 nihilo·

305 1987 443 2086 minus
464 2010 540 2094 pro
562 1982 735 2092 pascuis
758 1980 975 2080 omnibus,
998 1983 1088 2066 sive
1109 2011 1185 2093 pro
1208 2005 1344 2094 grege
1366 1981 1556 2066 eiusdem
1590 1979 1786 2068 Civitatis
1819 1985 1982 2096 pellen-

306 2104 361 2188 do
381 2079 529 2186 locum·
556 2100 737 2184 hberum
760 2099 815 2189 ab
837 2100 908 2181 ille
943 2115 1063 2208 parte
1041 2125 1247 2185 eversus
1283 2098 1529 2182 Zatbort
1468 2109 1529 2181 rnt
1531 2127 1575 2181 er
1616 2109 1813 2214 agroset
1795 2103 1931 2186 tthor
1913 2113 1979 2186 tos

302 2219 517 2336 perpetuis
547 2216 808 2328 temporibus
841 2217 1123 2329 assignamus.
1175 2217 1227 2304 In
1251 2244 1440 2328 quorum
1472 2220 1659 2303 omniurn
1691 2221 1979 2304 testimonium

305 2341 361 2426 ad
398 2335 654 2422 evidentiam
688 2336 918 2446 pleniorem
954 2336 1139 2448 sigillum
1175 2345 1367 2422 nostrum
1398 2337 1696 2446 praesentibus
1730 2348 1796 2422 est
1817 2367 1979 2450 appen-

265 2467 267 2474 ’
306 2485 412 2542 sum.
474 2453 629 2538 Actum
671 2449 928 2536 Crccooiue
915 2483 958 2543 m
995 2453 1152 2566 Vigilia
1190 2455 1390 2564 Corporis
1438 2455 1598 2540 Christi
1639 2453 1763 2542 Anno
1806 2457 1978 2542 Domini
2085 2507 2093 2516 -

304 2577 361 2661 Μ.
379 2570 509 2660 CCC
526 2571 621 2656 LX.
644 2569 718 2668 IV.
756 2557 1084 2682 Praesentibus:
1118 2573 1291 2656 Andrea
1326 2571 1519 2657 Palatino
1558 2573 1852 2679 Craccviensi,
1895 2570 1981 2658 Za-

303 2698 420 2780 vissa
451 2691 715 2776 Sandecensi
746 2692 853 2776 Cast
836 2689 1016 2796 tellano,
1036 2687 1233 2776 Sirscone
1249 2689 1508 2776 Dobrinensi
1526 2685 1598 2803 (’),
1614 2689 1803 2778 Dinissio
1824 2693 1982 2778 Lanci-

307 2813 437 2895 ciensr
427 2807 591 2918 'Capit
592 2811 707 2890 aneis
730 2801 797 2922 (4),
839 2808 1013 2894 Andrea
1056 2807 1297 2897 Subiudice
1331 2808 1624 2915 Cracoviensi,
1656 2808 1889 2896 Predborio
1928 2811 1980 2894 de

191 3031 195 3036 ,
306 2929 465 3014 Brzeze.
495 2925 659 3013 Datum
680 2955 757 3036 per
770 2955 928 3036 ⁸munus
950 2927 1121 3014 Domini
1143 2927 1334 3038 Janussy
1372 2927 1631 3040 Cancellary
1666 2931 1797 3013 nostri
1821 2929 1980 3015 Cracc-
2094 3005 2099 3012 .

309 3073 478 3166 mensis.

191 3145 195 3158 ’
514 3160 572 3246 Et
554 3171 676 3274 tego
712 3163 914 3247 Nicolaus
951 3163 1048 3247 olim
1086 3162 1279 3249 Joannes
1303 3163 1356 3247 de
1376 3159 1618 3276 Popebzyno
1656 3163 1845 3252 Clericus
1882 3165 1980 3251 Plo·

412 3285 547 3365 censis
558 3281 849 3384 Diocaeseos,
864 3280 1069 3399 publicus
1091 3281 1307 3391 Imperiali
1330 3283 1590 3367 authoritate
1611 3283 1833 3388 Notarius,
1853 3313 1980 3396 prae-

359 3397 514 3485 ·dioti
535 3399 750 3510 Privilegy
781 3389 1080 3510 Transsumpti
1111 3401 1288 3486 fideliter
1311 3401 1363 3484 de
1384 3400 1516 3486 verbo
1539 3401 1792 3486 adverbum
1815 3430 1864 3482 ac
1888 3401 1978 3510 alys

412 3509 607 3604 omr'ribus
630 3527 674 3600 et
693 3517 870 3630 singulis
900 3543 1101 3626 praesens
1132 3519 1313 3626 interfui,
1336 3547 1477 3630 eaque
1499 3523 1641 3605 omnia
1664 3529 1707 3602 et
1727 3519 1951 3630 singula
1918 3545 1978 3602 sro

409 3637 500 3721 fieri
536 3638 623 3720 vidi
645 3646 687 3718 et
710 3637 870 3740 audivi,
893 3644 937 3722 et
918 3635 1091 3722 tfidelit
1075 3646 1137 3719 ter
1160 3635 1486 3742 conscribens,
1473 3667 1516 3719 ιιι
1540 3639 1650 3719 hanc
1670 3635 1887 3748 publicam
1909 3665 1978 3719 re-

307 3793 318 3804 ·
411 3755 531 3868 degi,
552 3781 708 3895 meque
731 3753 829 3836 hino
852 3753 1104 3866 subscripsi,
1136 3755 1326 3896 signoet
1346 3755 1518 3852 nornine
1548 3757 1651 3837 meis
1684 3753 1815 3842 solitis
1839 3757 1979 3840 consi-

266 3901 270 3912 ·
319 3867 322 3881 '
413 3876 543 3986 gnavi
563 3876 607 3956 in
627 3873 756 3956 fidem
779 3882 822 3954 et
842 3875 941 3956 test
929 3873 1133 3958 imonium
1156 3873 1345 3994 omnium
1365 3873 1753 3984 praemissorum.-

410 4104 453 4187 (⁸)
475 4105 610 4173 Drierto
625 4117 658 4170 et
673 4103 719 4170 Dr
715 4105 802 4187 raico,
830 4105 1024 4191 capitaneus
1041 4103 1292 4206 Dobrzynensis
1306 4103 1336 4171 le
1362 4105 1427 4172 itur
1441 4105 1502 4172 sub
1518 4127 1546 4170 a
1562 4105 1759 4173 1362⁴·41n
1775 4105 1900 4174 Codice
1916 4129 1978 4172 no·

308 4201 391 4272 stro,
416 4189 491 4254 vide
516 4200 624 4261 tomos
650 4191 896 4276 praecedentes
935 4192 1062 4312 Nomen
1089 4194 1173 4276 ejus,
1200 4189 1254 4258 hic
1281 4214 1313 4258 m
1348 4192 1553 4276 eseripturn
1573 4201 1645 4257 erat
1668 4189 1766 4280 ru'lgo
1792 4193 1977 4269 bacerna,

210 4272 215 4281 Χ
309 4275 423 4342 Dzien
423 4277 469 4349 ico,
488 4276 548 4340 Da
546 4279 641 4342 erret

416 4357 456 4440 (⁴1
479 4359 682 4445 capitaneus
697 4359 750 4427 hic
764 4352 934 4509 legiturin
948 4366 1040 4427 tomo
1056 4335 1275 4447 praecedente
1291 4363 1445 4441 secundo,
1465 4383 1539 4448 pag.
1555 4363 1618 4426 303
1639 4361 1743 4426 nostri
1761 4357 1896 4424 Codicis
1914 4357 2005 4430 Di·

307 4395 517 4510 ubtcsuba.
536 4445 617 4508 1357
635 4451 760 4530 etpag.
779 4446 840 4512 18
876 4441 1159 4554 Divirriarsaba:
1178 4447 1268 4544 1368,
1358 4495 1392 4547 ,⁴
1468 4489 1474 4498 ·
