<?xml version="1.0" encoding="UTF-8"?>
<!DOCTYPE html PUBLIC "-//W3C//DTD XHTML 1.0 Transitional//EN"
    "http://www.w3.org/TR/xhtml1/DTD/xhtml1-transitional.dtd">
<html xmlns="http://www.w3.org/1999/xhtml" xml:lang="en" lang="en">
 <head>
  <title>
</title>
<meta http-equiv="Content-Type" content="text/html;charset=utf-8" />
  <meta name='ocr-system' content='tesseract 3.04.00' />
  <meta name='ocr-capabilities' content='ocr_page ocr_carea ocr_par ocr_line ocrx_word'/>
</head>
<body>
  <div class='ocr_page' id='page_1' title='image "./codexdiplomatic00bartgoog_0022.png"; bbox 0 0 4952 5926; ppageno 0'>
   <div class='ocr_carea' id='block_1_1' title="bbox 780 709 2110 861">
    <p class='ocr_par' dir='ltr' id='par_1_1' title="bbox 780 709 2110 861">
     <span class='ocr_line' id='line_1_1' title="bbox 1372 709 1410 756; baseline 0 0"><span class='ocrx_word' id='word_1_1' title='bbox 1372 709 1410 756; x_wconf 78' lang='lat' dir='ltr'><strong>IV</strong></span> 
     </span>
     <span class='ocr_line' id='line_1_2' title="bbox 780 783 2110 861; baseline 0.002 -13"><span class='ocrx_word' id='word_1_2' title='bbox 780 783 879 849; x_wconf 72' lang='lat' dir='ltr'><strong>Anno</strong></span> <span class='ocrx_word' id='word_1_3' title='bbox 2061 811 2110 861; x_wconf 74' lang='lat' dir='ltr'><strong>l’ag.</strong></span> 
     </span>
    </p>
   </div>
   <div class='ocr_carea' id='block_1_2' title="bbox 633 825 2061 969">
    <p class='ocr_par' dir='ltr' id='par_1_2' title="bbox 633 825 2061 969">
     <span class='ocr_line' id='line_1_3' title="bbox 633 825 2061 969; baseline -0.006 -17"><span class='ocrx_word' id='word_1_4' title='bbox 633 825 652 952; x_wconf 35' lang='grc' dir='ltr'><strong>ι.</strong></span> <span class='ocrx_word' id='word_1_5' title='bbox 782 887 876 954; x_wconf 83' lang='grc'><strong>1262.</strong></span> <span class='ocrx_word' id='word_1_6' title='bbox 917 879 1099 958; x_wconf 69' lang='lat' dir='ltr'><strong>Bubulcus,</strong></span> <span class='ocrx_word' id='word_1_7' title='bbox 1115 835 1257 948; x_wconf 85' lang='lat' dir='ltr'><strong>Pudicus</strong></span> <span class='ocrx_word' id='word_1_8' title='bbox 1273 875 1453 954; x_wconf 72' lang='lat' dir='ltr'><strong>cracoviae</strong></span> <span class='ocrx_word' id='word_1_9' title='bbox 1468 888 1503 954; x_wconf 88' lang='lat' dir='ltr'><strong>et</strong></span> <span class='ocrx_word' id='word_1_10' title='bbox 1518 879 1739 958; x_wconf 78' lang='lat' dir='ltr'><strong>Sandomirias</strong></span> <span class='ocrx_word' id='word_1_11' title='bbox 1752 881 1827 956; x_wconf 83' lang='lat' dir='ltr'><strong>dur,</strong></span> <span class='ocrx_word' id='word_1_12' title='bbox 1857 879 2009 969; x_wconf 85' lang='lat' dir='ltr'><strong>precibus</strong></span> <span class='ocrx_word' id='word_1_13' title='bbox 2059 875 2061 888; x_wconf 92' lang='lat'>&#39;</span> 
     </span>
    </p>
   </div>
   <div class='ocr_carea' id='block_1_3' title="bbox 916 962 2110 1307">
    <p class='ocr_par' dir='ltr' id='par_1_3' title="bbox 916 962 2110 1307">
     <span class='ocr_line' id='line_1_4' title="bbox 916 962 2059 1048; baseline -0.003 -16"><span class='ocrx_word' id='word_1_14' title='bbox 916 966 1077 1037; x_wconf 82' lang='lat' dir='ltr'><strong>Raslavae</strong></span> <span class='ocrx_word' id='word_1_15' title='bbox 1092 964 1211 1031; x_wconf 86' lang='lat' dir='ltr'><strong>viduae</strong></span> <span class='ocrx_word' id='word_1_16' title='bbox 1226 963 1392 1048; x_wconf 82' lang='lat' dir='ltr'><strong>castellani</strong></span> <span class='ocrx_word' id='word_1_17' title='bbox 1409 962 1639 1040; x_wconf 86' lang='lat' dir='ltr'><strong>cracoviensis</strong></span> <span class='ocrx_word' id='word_1_18' title='bbox 1667 964 1848 1034; x_wconf 85' lang='lat' dir='ltr'><strong>clementis</strong></span> <span class='ocrx_word' id='word_1_19' title='bbox 1864 986 2007 1032; x_wconf 90' lang='lat' dir='ltr'><strong>commo·</strong></span> <span class='ocrx_word' id='word_1_20' title='bbox 2051 1005 2059 1018; x_wconf 90' lang='lat'><strong>·</strong></span> 
     </span>
     <span class='ocr_line' id='line_1_5' title="bbox 916 1048 2008 1132; baseline -0.003 -15"><span class='ocrx_word' id='word_1_21' title='bbox 916 1061 984 1132; x_wconf 88' lang='lat' dir='ltr'><strong>tus,</strong></span> <span class='ocrx_word' id='word_1_22' title='bbox 1000 1073 1112 1124; x_wconf 79' lang='lat' dir='ltr'><strong>omnes</strong></span> <span class='ocrx_word' id='word_1_23' title='bbox 1129 1049 1411 1128; x_wconf 76' lang='lat' dir='ltr'><strong>commutationes,</strong></span> <span class='ocrx_word' id='word_1_24' title='bbox 1428 1049 1662 1122; x_wconf 87' lang='lat' dir='ltr'><strong>donationeset</strong></span> <span class='ocrx_word' id='word_1_25' title='bbox 1670 1051 1892 1119; x_wconf 86' lang='lat' dir='ltr'><strong>ordinationes</strong></span> <span class='ocrx_word' id='word_1_26' title='bbox 1907 1048 2008 1115; x_wconf 87' lang='lat' dir='ltr'><strong>abae·</strong></span> 
     </span>
     <span class='ocr_line' id='line_1_6' title="bbox 917 1133 2002 1217; baseline 0 -15"><span class='ocrx_word' id='word_1_27' title='bbox 917 1137 1050 1212; x_wconf 80' lang='lat' dir='ltr'><strong>sedibus</strong></span> <span class='ocrx_word' id='word_1_28' title='bbox 1064 1136 1170 1204; x_wconf 84' lang='lat' dir='ltr'><strong>factas</strong></span> <span class='ocrx_word' id='word_1_29' title='bbox 1188 1133 1384 1203; x_wconf 85' lang='lat' dir='ltr'><strong>monasterio</strong></span> <span class='ocrx_word' id='word_1_30' title='bbox 1411 1135 1629 1217; x_wconf 69' lang='lat' dir='ltr'><strong>Stauiatcensi</strong></span> <span class='ocrx_word' id='word_1_31' title='bbox 1654 1159 1727 1216; x_wconf 80' lang='lat' dir='ltr'><strong>oum</strong></span> <span class='ocrx_word' id='word_1_32' title='bbox 1751 1137 1936 1205; x_wconf 86' lang='lat' dir='ltr'><strong>bominibus</strong></span> <span class='ocrx_word' id='word_1_33' title='bbox 1963 1133 2002 1212; x_wconf 72' lang='lat' dir='ltr'><strong>de,</strong></span> 
     </span>
     <span class='ocr_line' id='line_1_7' title="bbox 916 1219 2110 1307; baseline 0 -22"><span class='ocrx_word' id='word_1_34' title='bbox 916 1221 1093 1307; x_wconf 79' lang='lat' dir='ltr'><strong>Kargowo,</strong></span> <span class='ocrx_word' id='word_1_35' title='bbox 1115 1219 1288 1290; x_wconf 84' lang='lat' dir='ltr'><strong>confirmat</strong></span> <span class='ocrx_word' id='word_1_36' title='bbox 1289 1260 1804 1288; x_wconf 81' lang='lat'><strong>..............</strong></span> <span class='ocrx_word' id='word_1_37' title='bbox 1825 1235 1827 1239; x_wconf 82' lang='grc'><strong>“</strong></span> <span class='ocrx_word' id='word_1_38' title='bbox 1835 1265 2003 1287; x_wconf 88' lang='grc'><strong>.....</strong></span> <span class='ocrx_word' id='word_1_39' title='bbox 2069 1223 2110 1285; x_wconf 76' lang='grc'><strong>04</strong></span> 
     </span>
    </p>
   </div>
   <div class='ocr_carea' id='block_1_4' title="bbox 659 1287 2005 1390">
    <p class='ocr_par' dir='ltr' id='par_1_4' title="bbox 659 1287 2005 1390">
     <span class='ocr_line' id='line_1_8' title="bbox 659 1287 2005 1390; baseline -0.007 -12"><span class='ocrx_word' id='word_1_40' title='bbox 659 1359 667 1378; x_wconf 91' lang='grc'><strong>.</strong></span> <span class='ocrx_word' id='word_1_41' title='bbox 784 1313 877 1379; x_wconf 77' lang='grc'><strong>1264.</strong></span> <span class='ocrx_word' id='word_1_42' title='bbox 921 1306 1091 1377; x_wconf 86' lang='lat' dir='ltr'><strong>Prandota</strong></span> <span class='ocrx_word' id='word_1_43' title='bbox 1105 1304 1144 1376; x_wconf 88' lang='lat' dir='ltr'><strong>de</strong></span> <span class='ocrx_word' id='word_1_44' title='bbox 1159 1303 1349 1376; x_wconf 80' lang='lat' dir='ltr'><strong>Bialaozcvr</strong></span> <span class='ocrx_word' id='word_1_45' title='bbox 1361 1287 1540 1390; x_wconf 67' lang='lat' dir='ltr'><strong>episcopus</strong></span> <span class='ocrx_word' id='word_1_46' title='bbox 1552 1302 1793 1384; x_wconf 79' lang='lat' dir='ltr'><strong>cracoviensis,</strong></span> <span class='ocrx_word' id='word_1_47' title='bbox 1807 1304 2005 1380; x_wconf 84' lang='lat' dir='ltr'><strong>monasterio</strong></span> 
     </span>
    </p>
   </div>
   <div class='ocr_carea' id='block_1_5' title="bbox 920 1386 2195 1632">
    <p class='ocr_par' dir='ltr' id='par_1_5' title="bbox 920 1386 2195 1632">
     <span class='ocr_line' id='line_1_9' title="bbox 921 1386 2006 1477; baseline -0.006 -16"><span class='ocrx_word' id='word_1_48' title='bbox 921 1388 1177 1477; x_wconf 81' lang='lat' dir='ltr'><strong>Szcavrzycensi</strong></span> <span class='ocrx_word' id='word_1_49' title='bbox 1192 1386 1333 1457; x_wconf 85' lang='lat' dir='ltr'><strong>decimas</strong></span> <span class='ocrx_word' id='word_1_50' title='bbox 1348 1386 1387 1456; x_wconf 86' lang='lat' dir='ltr'><strong>do</strong></span> <span class='ocrx_word' id='word_1_51' title='bbox 1403 1389 1489 1456; x_wconf 83' lang='lat' dir='ltr'><strong>villis</strong></span> <span class='ocrx_word' id='word_1_52' title='bbox 1498 1389 2006 1470; x_wconf 79' lang='lat' dir='ltr'><strong>Pozuacbowice,Goszczaoho·</strong></span> 
     </span>
     <span class='ocr_line' id='line_1_10' title="bbox 920 1471 2195 1632; baseline -0.006 -86"><span class='ocrx_word' id='word_1_53' title='bbox 920 1475 1150 1632; x_wconf 42' lang='lat' dir='ltr'><strong>asfiffflicbow</strong></span> <span class='ocrx_word' id='word_1_54' title='bbox 1164 1485 1197 1539; x_wconf 86' lang='lat' dir='ltr'><strong>et</strong></span> <span class='ocrx_word' id='word_1_55' title='bbox 1212 1471 1392 1558; x_wconf 65' lang='lat' dir='ltr'><strong>,Ozflrnylafl</strong></span> <span class='ocrx_word' id='word_1_56' title='bbox 1421 1482 1455 1538; x_wconf 70' lang='lat' dir='ltr'><strong>el</strong></span> <span class='ocrx_word' id='word_1_57' title='bbox 1484 1484 1614 1550; x_wconf 78' lang='lat' dir='ltr'><strong>orntum</strong></span> <span class='ocrx_word' id='word_1_58' title='bbox 1640 1499 1771 1548; x_wconf 78' lang='lat' dir='ltr'><strong>mansos</strong></span> <span class='ocrx_word' id='word_1_59' title='bbox 1800 1475 2006 1552; x_wconf 80' lang='lat' dir='ltr'><strong>franconicos</strong></span> <span class='ocrx_word' id='word_1_60' title='bbox 2069 1489 2138 1624; x_wconf 56' lang='grc'><strong>861</strong></span> <span class='ocrx_word' id='word_1_61' title='bbox 2190 1519 2195 1530; x_wconf 82' lang='grc'><em>.</em></span> 
     </span>
    </p>
   </div>
   <div class='ocr_carea' id='block_1_6' title="bbox 663 1641 2005 1724">
    <p class='ocr_par' dir='ltr' id='par_1_6' title="bbox 663 1641 2005 1724">
     <span class='ocr_line' id='line_1_11' title="bbox 663 1641 2005 1724; baseline -0.004 -6"><span class='ocrx_word' id='word_1_62' title='bbox 663 1699 672 1718; x_wconf 92' lang='grc'><strong>.</strong></span> <span class='ocrx_word' id='word_1_63' title='bbox 785 1651 876 1719; x_wconf 85' lang='grc'><strong>1206.</strong></span> <span class='ocrx_word' id='word_1_64' title='bbox 919 1641 2005 1724; x_wconf 70' lang='lat' dir='ltr'><strong>Nobilisdachrober‚ridnaBaranidePelohisuvendirsalonaae</strong></span> 
     </span>
    </p>
   </div>
   <div class='ocr_carea' id='block_1_7' title="bbox 918 1727 2107 1974">
    <p class='ocr_par' dir='ltr' id='par_1_7' title="bbox 918 1727 2107 1974">
     <span class='ocr_line' id='line_1_12' title="bbox 918 1727 2005 1800; baseline -0.002 -6"><span class='ocrx_word' id='word_1_65' title='bbox 918 1731 1049 1798; x_wconf 84' lang='lat' dir='ltr'><strong>moniali</strong></span> <span class='ocrx_word' id='word_1_66' title='bbox 1057 1731 1196 1798; x_wconf 85' lang='lat' dir='ltr'><strong>Sanctae</strong></span> <span class='ocrx_word' id='word_1_67' title='bbox 1204 1727 1331 1798; x_wconf 77' lang='lat' dir='ltr'><strong>Clarae,</strong></span> <span class='ocrx_word' id='word_1_68' title='bbox 1347 1728 1452 1794; x_wconf 85' lang='lat' dir='ltr'><strong>sorori</strong></span> <span class='ocrx_word' id='word_1_69' title='bbox 1465 1727 1606 1796; x_wconf 88' lang='lat' dir='ltr'><strong>Boleslai</strong></span> <span class='ocrx_word' id='word_1_70' title='bbox 1622 1731 1714 1798; x_wconf 88' lang='lat' dir='ltr'><strong>ducis</strong></span> <span class='ocrx_word' id='word_1_71' title='bbox 1731 1729 1959 1800; x_wconf 79' lang='lat' dir='ltr'><strong>cracoviensis</strong></span> <span class='ocrx_word' id='word_1_72' title='bbox 1971 1739 2005 1793; x_wconf 91' lang='lat' dir='ltr'><strong>et</strong></span> 
     </span>
     <span class='ocr_line' id='line_1_13' title="bbox 919 1812 2005 1904; baseline -0.004 -22"><span class='ocrx_word' id='word_1_73' title='bbox 919 1814 1204 1904; x_wconf 80' lang='lat' dir='ltr'><strong>Sandcmiriensis,</strong></span> <span class='ocrx_word' id='word_1_74' title='bbox 1227 1813 1335 1880; x_wconf 88' lang='lat' dir='ltr'><strong>villam</strong></span> <span class='ocrx_word' id='word_1_75' title='bbox 1349 1812 1518 1886; x_wconf 77' lang='lat' dir='ltr'><strong>Buranun,</strong></span> <span class='ocrx_word' id='word_1_76' title='bbox 1550 1835 1647 1898; x_wconf 86' lang='lat' dir='ltr'><strong>quam</strong></span> <span class='ocrx_word' id='word_1_77' title='bbox 1674 1814 1892 1882; x_wconf 89' lang='lat' dir='ltr'><strong>venditionem</strong></span> <span class='ocrx_word' id='word_1_78' title='bbox 1921 1815 2005 1880; x_wconf 88' lang='lat' dir='ltr'><strong>idem</strong></span> 
     </span>
     <span class='ocr_line' id='line_1_14' title="bbox 919 1899 2107 1974; baseline 0 -8"><span class='ocrx_word' id='word_1_79' title='bbox 919 1899 983 1967; x_wconf 84' lang='lat' dir='ltr'><strong>dux</strong></span> <span class='ocrx_word' id='word_1_80' title='bbox 1000 1899 1170 1969; x_wconf 86' lang='lat' dir='ltr'><strong>confirmat</strong></span> <span class='ocrx_word' id='word_1_81' title='bbox 1171 1941 1568 1966; x_wconf 82' lang='lat'><strong>···········</strong></span> <span class='ocrx_word' id='word_1_82' title='bbox 1568 1915 1571 1920; x_wconf 81' lang='grc'>’</span> <span class='ocrx_word' id='word_1_83' title='bbox 1599 1943 2003 1974; x_wconf 78' lang='grc'><strong>...........</strong></span> <span class='ocrx_word' id='word_1_84' title='bbox 2067 1901 2086 1964; x_wconf 87' lang='lat'>8</span> <span class='ocrx_word' id='word_1_85' title='bbox 2090 1902 2107 1962; x_wconf 79' lang='lat' dir='ltr'><strong>l</strong></span> 
     </span>
    </p>
   </div>
   <div class='ocr_carea' id='block_1_8' title="bbox 672 1942 2006 2062">
    <p class='ocr_par' dir='ltr' id='par_1_8' title="bbox 672 1942 2006 2062">
     <span class='ocr_line' id='line_1_15' title="bbox 672 1942 2006 2062; baseline -0.006 -4"><span class='ocrx_word' id='word_1_86' title='bbox 672 2042 679 2058; x_wconf 92' lang='lat'><strong>.</strong></span> <span class='ocrx_word' id='word_1_87' title='bbox 781 1993 873 2058; x_wconf 86' lang='grc'><strong>1270.</strong></span> <span class='ocrx_word' id='word_1_88' title='bbox 916 1985 1085 2056; x_wconf 87' lang='lat' dir='ltr'><strong>Boleslaus</strong></span> <span class='ocrx_word' id='word_1_89' title='bbox 1114 1983 1270 2062; x_wconf 90' lang='lat' dir='ltr'><strong>Pudious,</strong></span> <span class='ocrx_word' id='word_1_90' title='bbox 1306 1980 1372 2048; x_wconf 79' lang='lat' dir='ltr'><strong>dux</strong></span> <span class='ocrx_word' id='word_1_91' title='bbox 1393 1980 1573 2050; x_wconf 87' lang='lat' dir='ltr'><strong>cracoviae</strong></span> <span class='ocrx_word' id='word_1_92' title='bbox 1590 1997 1624 2056; x_wconf 90' lang='lat' dir='ltr'><strong>et</strong></span> <span class='ocrx_word' id='word_1_93' title='bbox 1639 1985 1873 2062; x_wconf 84' lang='lat' dir='ltr'><strong>Sandomiriae,</strong></span> <span class='ocrx_word' id='word_1_94' title='bbox 1888 1942 2006 2050; x_wconf 85' lang='lat' dir='ltr'><strong>incolis</strong></span> 
     </span>
    </p>
   </div>
   <div class='ocr_carea' id='block_1_9' title="bbox 548 3522 688 3617">
    <p class='ocr_par' dir='ltr' id='par_1_9' title="bbox 548 3522 688 3617">
     <span class='ocr_line' id='line_1_16' title="bbox 548 3522 688 3617; baseline -0.014 -27"><span class='ocrx_word' id='word_1_95' title='bbox 548 3522 688 3617; x_wconf 79' lang='lat' dir='ltr'><strong>xnurr.</strong></span> 
     </span>
    </p>
   </div>
   <div class='ocr_carea' id='block_1_10' title="bbox 540 3775 694 3844">
    <p class='ocr_par' dir='ltr' id='par_1_10' title="bbox 540 3775 694 3844">
     <span class='ocr_line' id='line_1_17' title="bbox 540 3775 694 3844; baseline -0.019 -2"><span class='ocrx_word' id='word_1_96' title='bbox 540 3775 694 3844; x_wconf 80' lang='lat' dir='ltr'>XLVIII.</span> 
     </span>
    </p>
   </div>
   <div class='ocr_carea' id='block_1_11' title="bbox 914 2067 2108 3500">
    <p class='ocr_par' dir='ltr' id='par_1_11' title="bbox 914 2067 2108 3500">
     <span class='ocr_line' id='line_1_18' title="bbox 915 2067 2005 2155; baseline -0.002 -21"><span class='ocrx_word' id='word_1_97' title='bbox 915 2071 1063 2136; x_wconf 86' lang='lat' dir='ltr'><strong>villarum</strong></span> <span class='ocrx_word' id='word_1_98' title='bbox 1078 2069 1119 2142; x_wconf 81' lang='lat' dir='ltr'><strong>ud</strong></span> <span class='ocrx_word' id='word_1_99' title='bbox 1130 2069 1323 2138; x_wconf 86' lang='lat' dir='ltr'><strong>coenobium</strong></span> <span class='ocrx_word' id='word_1_100' title='bbox 1350 2067 1537 2138; x_wconf 86' lang='lat' dir='ltr'><strong>monialium</strong></span> <span class='ocrx_word' id='word_1_101' title='bbox 1565 2071 1600 2142; x_wconf 86' lang='lat' dir='ltr'><strong>in</strong></span> <span class='ocrx_word' id='word_1_102' title='bbox 1628 2070 1704 2136; x_wconf 85' lang='lat' dir='ltr'><strong>villa</strong></span> <span class='ocrx_word' id='word_1_103' title='bbox 1726 2068 1889 2151; x_wconf 70' lang='lat' dir='ltr'><strong>Staniatlri</strong></span> <span class='ocrx_word' id='word_1_104' title='bbox 1902 2069 2005 2155; x_wconf 79' lang='lat' dir='ltr'><strong>perti·</strong></span> 
     </span>
     <span class='ocr_line' id='line_1_19' title="bbox 915 2151 2108 2304; baseline -0.006 -80"><span class='ocrx_word' id='word_1_105' title='bbox 915 2155 1070 2304; x_wconf 47' lang='lat' dir='ltr'><strong>nentium,</strong></span> <span class='ocrx_word' id='word_1_106' title='bbox 1086 2155 1194 2222; x_wconf 81' lang='lat' dir='ltr'><strong>varias</strong></span> <span class='ocrx_word' id='word_1_107' title='bbox 1209 2154 1378 2226; x_wconf 67' lang='lat' dir='ltr'><strong>libertates</strong></span> <span class='ocrx_word' id='word_1_108' title='bbox 1398 2151 1514 2220; x_wconf 84' lang='lat' dir='ltr'><strong>tribuit</strong></span> <span class='ocrx_word' id='word_1_109' title='bbox 1541 2164 1574 2222; x_wconf 88' lang='lat' dir='ltr'><strong>et</strong></span> <span class='ocrx_word' id='word_1_110' title='bbox 1602 2156 1753 2239; x_wconf 84' lang='lat' dir='ltr'><strong>antiquas</strong></span> <span class='ocrx_word' id='word_1_111' title='bbox 1783 2153 2005 2221; x_wconf 79' lang='lat' dir='ltr'><strong>ordinationes</strong></span> <span class='ocrx_word' id='word_1_112' title='bbox 2067 2237 2108 2301; x_wconf 68' lang='lat'><strong>89</strong></span> 
     </span>
     <span class='ocr_line' id='line_1_20' title="bbox 918 2250 2002 2308; baseline -0.003 -4"><span class='ocrx_word' id='word_1_113' title='bbox 918 2261 979 2306; x_wconf 89' lang='lat' dir='ltr'><strong>con</strong></span> <span class='ocrx_word' id='word_1_114' title='bbox 1004 2250 1096 2304; x_wconf 89' lang='lat' dir='ltr'><strong>rmat.</strong></span> <span class='ocrx_word' id='word_1_115' title='bbox 1127 2281 2002 2308; x_wconf 84' lang='lat'><strong>.......................</strong></span> 
     </span>
     <span class='ocr_line' id='line_1_21' title="bbox 914 2317 2006 2425; baseline -0.004 -35"><span class='ocrx_word' id='word_1_116' title='bbox 914 2323 1086 2394; x_wconf 80' lang='lat' dir='ltr'><strong>Bolesluus</strong></span> <span class='ocrx_word' id='word_1_117' title='bbox 1101 2325 1257 2402; x_wconf 75' lang='lat' dir='ltr'><strong>Pedicas,</strong></span> <span class='ocrx_word' id='word_1_118' title='bbox 1273 2323 1338 2394; x_wconf 81' lang='lat' dir='ltr'><strong>dux</strong></span> <span class='ocrx_word' id='word_1_119' title='bbox 1348 2317 1529 2392; x_wconf 85' lang='lat' dir='ltr'><strong>cracoviae</strong></span> <span class='ocrx_word' id='word_1_120' title='bbox 1541 2334 1575 2392; x_wconf 89' lang='lat' dir='ltr'><strong>et</strong></span> <span class='ocrx_word' id='word_1_121' title='bbox 1586 2325 1818 2402; x_wconf 83' lang='lat' dir='ltr'><strong>Sandomiriae‚</strong></span> <span class='ocrx_word' id='word_1_122' title='bbox 1834 2323 2006 2425; x_wconf 80' lang='lat' dir='ltr'><strong>privilegia</strong></span> 
     </span>
     <span class='ocr_line' id='line_1_22' title="bbox 917 2408 2004 2497; baseline -0.005 -21"><span class='ocrx_word' id='word_1_123' title='bbox 917 2410 1258 2497; x_wconf 84' lang='lat' dir='ltr'><strong>apraedeceeaoribus</strong></span> <span class='ocrx_word' id='word_1_124' title='bbox 1284 2408 1352 2477; x_wconf 87' lang='lat' dir='ltr'><strong>suis</strong></span> <span class='ocrx_word' id='word_1_125' title='bbox 1374 2409 1572 2478; x_wconf 89' lang='lat' dir='ltr'><strong>monasterio</strong></span> <span class='ocrx_word' id='word_1_126' title='bbox 1597 2410 1848 2496; x_wconf 83' lang='lat' dir='ltr'><strong>Andrejoviensr</strong></span> <span class='ocrx_word' id='word_1_127' title='bbox 1873 2408 2004 2484; x_wconf 83' lang='lat' dir='ltr'><strong>collata,</strong></span> 
     </span>
     <span class='ocr_line' id='line_1_23' title="bbox 916 2492 2004 2583; baseline -0.004 -23"><span class='ocrx_word' id='word_1_128' title='bbox 916 2497 1097 2574; x_wconf 86' lang='lat' dir='ltr'><strong>confirmat,</strong></span> <span class='ocrx_word' id='word_1_129' title='bbox 1113 2505 1229 2583; x_wconf 87' lang='lat' dir='ltr'><strong>postea</strong></span> <span class='ocrx_word' id='word_1_130' title='bbox 1245 2492 1355 2560; x_wconf 85' lang='lat' dir='ltr'><strong>abbati</strong></span> <span class='ocrx_word' id='word_1_131' title='bbox 1370 2502 1402 2556; x_wconf 87' lang='lat' dir='ltr'><strong>et</strong></span> <span class='ocrx_word' id='word_1_132' title='bbox 1419 2494 1593 2561; x_wconf 90' lang='lat' dir='ltr'><strong>conventui</strong></span> <span class='ocrx_word' id='word_1_133' title='bbox 1607 2493 1797 2562; x_wconf 80' lang='lat' dir='ltr'><strong>facultatem</strong></span> <span class='ocrx_word' id='word_1_134' title='bbox 1811 2494 1943 2560; x_wconf 84' lang='lat' dir='ltr'><strong>locandi</strong></span> <span class='ocrx_word' id='word_1_135' title='bbox 1957 2493 2004 2558; x_wconf 90' lang='lat' dir='ltr'><strong>ci-</strong></span> 
     </span>
     <span class='ocr_line' id='line_1_24' title="bbox 915 2579 2002 2666; baseline -0.001 -22"><span class='ocrx_word' id='word_1_136' title='bbox 915 2579 1052 2652; x_wconf 87' lang='lat' dir='ltr'><strong>vitatem</strong></span> <span class='ocrx_word' id='word_1_137' title='bbox 1067 2581 1302 2666; x_wconf 79' lang='lat' dir='ltr'><strong>Andrejoviam</strong></span> <span class='ocrx_word' id='word_1_138' title='bbox 1315 2579 1386 2663; x_wconf 87' lang='lat' dir='ltr'><strong>jure</strong></span> <span class='ocrx_word' id='word_1_139' title='bbox 1403 2579 1571 2650; x_wconf 86' lang='lat' dir='ltr'><strong>teutonico</strong></span> <span class='ocrx_word' id='word_1_140' title='bbox 1587 2579 1750 2658; x_wconf 86' lang='lat' dir='ltr'><strong>concedit,</strong></span> <span class='ocrx_word' id='word_1_141' title='bbox 1766 2581 1904 2664; x_wconf 89' lang='lat' dir='ltr'><strong>denique</strong></span> <span class='ocrx_word' id='word_1_142' title='bbox 1921 2599 2002 2663; x_wconf 87' lang='lat' dir='ltr'><strong>qua-</strong></span> 
     </span>
     <span class='ocr_line' id='line_1_25' title="bbox 917 2662 2007 2758; baseline 0 -27"><span class='ocrx_word' id='word_1_143' title='bbox 917 2673 994 2734; x_wconf 85' lang='lat' dir='ltr'><strong>tuor</strong></span> <span class='ocrx_word' id='word_1_144' title='bbox 1008 2665 1100 2734; x_wconf 88' lang='lat' dir='ltr'><strong>villas</strong></span> <span class='ocrx_word' id='word_1_145' title='bbox 1114 2666 1189 2730; x_wconf 92' lang='lat' dir='ltr'><strong>loco</strong></span> <span class='ocrx_word' id='word_1_146' title='bbox 1206 2664 1380 2758; x_wconf 73' lang='lat' dir='ltr'><strong>contiguas</strong></span> <span class='ocrx_word' id='word_1_147' title='bbox 1395 2662 1550 2748; x_wconf 73' lang='lat' dir='ltr'><strong>Laeuos,</strong></span> <span class='ocrx_word' id='word_1_148' title='bbox 1577 2663 1759 2742; x_wconf 88' lang='lat' dir='ltr'><strong>Sucbodcl,</strong></span> <span class='ocrx_word' id='word_1_149' title='bbox 1784 2665 1956 2740; x_wconf 85' lang='lat' dir='ltr'><strong>Landchin</strong></span> <span class='ocrx_word' id='word_1_150' title='bbox 1972 2673 2007 2738; x_wconf 79' lang='lat' dir='ltr'><strong>et</strong></span> 
     </span>
     <span class='ocr_line' id='line_1_26' title="bbox 916 2747 2006 2840; baseline -0.007 -20"><span class='ocrx_word' id='word_1_151' title='bbox 916 2751 1107 2840; x_wconf 83' lang='lat' dir='ltr'><strong>choloszyn</strong></span> <span class='ocrx_word' id='word_1_152' title='bbox 1121 2751 1224 2818; x_wconf 87' lang='lat' dir='ltr'><strong>eidem</strong></span> <span class='ocrx_word' id='word_1_153' title='bbox 1241 2749 1367 2816; x_wconf 84' lang='lat' dir='ltr'><strong>eivitutr</strong></span> <span class='ocrx_word' id='word_1_154' title='bbox 1381 2747 1535 2815; x_wconf 85' lang='lat' dir='ltr'><strong>locandas</strong></span> <span class='ocrx_word' id='word_1_155' title='bbox 1558 2749 1659 2818; x_wconf 82' lang='lat' dir='ltr'><strong>donat</strong></span> <span class='ocrx_word' id='word_1_156' title='bbox 1684 2760 1717 2816; x_wconf 89' lang='lat' dir='ltr'><strong>et</strong></span> <span class='ocrx_word' id='word_1_157' title='bbox 1730 2749 1878 2816; x_wconf 89' lang='lat' dir='ltr'><strong>homines</strong></span> <span class='ocrx_word' id='word_1_158' title='bbox 1892 2757 2006 2815; x_wconf 90' lang='lat' dir='ltr'><strong>mon&#39;a·</strong></span> 
     </span>
     <span class='ocr_line' id='line_1_27' title="bbox 915 2833 2106 2922; baseline -0.002 -18"><span class='ocrx_word' id='word_1_159' title='bbox 915 2837 1007 2904; x_wconf 88' lang='lat' dir='ltr'><strong>sterii</strong></span> <span class='ocrx_word' id='word_1_160' title='bbox 1024 2837 1065 2903; x_wconf 91' lang='lat' dir='ltr'><strong>ab</strong></span> <span class='ocrx_word' id='word_1_161' title='bbox 1080 2833 1336 2922; x_wconf 81' lang='lat' dir='ltr'><strong>expeditionibus</strong></span> <span class='ocrx_word' id='word_1_162' title='bbox 1353 2841 1386 2904; x_wconf 80' lang='lat' dir='ltr'><strong>et</strong></span> <span class='ocrx_word' id='word_1_163' title='bbox 1401 2835 1517 2902; x_wconf 89' lang='lat' dir='ltr'><strong>castris</strong></span> <span class='ocrx_word' id='word_1_164' title='bbox 1533 2835 1743 2902; x_wconf 84' lang='lat' dir='ltr'><strong>aedificandis</strong></span> <span class='ocrx_word' id='word_1_165' title='bbox 1757 2834 1883 2901; x_wconf 86' lang='lat' dir='ltr'><strong>liberat.</strong></span> <span class='ocrx_word' id='word_1_166' title='bbox 1913 2882 1922 2900; x_wconf 87' lang='lat'><strong>.</strong></span> <span class='ocrx_word' id='word_1_167' title='bbox 1952 2883 1962 2902; x_wconf 86' lang='lat'><strong>.</strong></span> <span class='ocrx_word' id='word_1_168' title='bbox 1993 2881 2001 2898; x_wconf 89' lang='lat'><strong>.</strong></span> <span class='ocrx_word' id='word_1_169' title='bbox 2067 2839 2106 2902; x_wconf 86' lang='grc'><strong>02</strong></span> 
     </span>
     <span class='ocr_line' id='line_1_28' title="bbox 916 2915 2003 3008; baseline -0.003 -21"><span class='ocrx_word' id='word_1_170' title='bbox 916 2921 1111 3008; x_wconf 84' lang='lat' dir='ltr'><strong>Stephanus,</strong></span> <span class='ocrx_word' id='word_1_171' title='bbox 1128 2943 1184 2984; x_wconf 84' lang='lat' dir='ltr'><strong>rex</strong></span> <span class='ocrx_word' id='word_1_172' title='bbox 1199 2915 1401 3007; x_wconf 76' lang='lat' dir='ltr'><strong>Hungariae,</strong></span> <span class='ocrx_word' id='word_1_173' title='bbox 1424 2917 1510 2986; x_wconf 84' lang='lat' dir='ltr'><strong>filius</strong></span> <span class='ocrx_word' id='word_1_174' title='bbox 1524 2929 1557 2986; x_wconf 85' lang='lat' dir='ltr'><strong>et</strong></span> <span class='ocrx_word' id='word_1_175' title='bbox 1572 2942 1744 2988; x_wconf 82' lang='lat' dir='ltr'><strong>successor</strong></span> <span class='ocrx_word' id='word_1_176' title='bbox 1763 2921 1870 2998; x_wconf 78' lang='lat' dir='ltr'><strong>Belca,</strong></span> <span class='ocrx_word' id='word_1_177' title='bbox 1895 2921 2003 2984; x_wconf 83' lang='lat' dir='ltr'><strong>varias</strong></span> 
     </span>
     <span class='ocr_line' id='line_1_29' title="bbox 914 3002 2106 3091; baseline -0.003 -19"><span class='ocrx_word' id='word_1_178' title='bbox 914 3007 1080 3075; x_wconf 84' lang='lat' dir='ltr'><strong>libertates</strong></span> <span class='ocrx_word' id='word_1_179' title='bbox 1091 3004 1274 3090; x_wconf 86' lang='lat' dir='ltr'><strong>hospitibus</strong></span> <span class='ocrx_word' id='word_1_180' title='bbox 1291 3002 1479 3071; x_wconf 77' lang='lat' dir='ltr'><strong>Senonibus</strong></span> <span class='ocrx_word' id='word_1_181' title='bbox 1494 3003 1533 3070; x_wconf 86' lang='lat' dir='ltr'><strong>de</strong></span> <span class='ocrx_word' id='word_1_182' title='bbox 1552 3003 1727 3091; x_wconf 87' lang='lat' dir='ltr'><strong>Soepussia</strong></span> <span class='ocrx_word' id='word_1_183' title='bbox 1742 3004 1846 3091; x_wconf 72' lang='lat' dir='ltr'><strong>(Spin)</strong></span> <span class='ocrx_word' id='word_1_184' title='bbox 1863 3005 2002 3076; x_wconf 83' lang='lat' dir='ltr'><strong>confert·</strong></span> <span class='ocrx_word' id='word_1_185' title='bbox 2066 3007 2106 3069; x_wconf 74' lang='lat'><strong>97</strong></span> 
     </span>
     <span class='ocr_line' id='line_1_30' title="bbox 914 3086 2005 3172; baseline -0.003 -14"><span class='ocrx_word' id='word_1_186' title='bbox 914 3091 1085 3158; x_wconf 89' lang='lat' dir='ltr'><strong>Bolcslaus</strong></span> <span class='ocrx_word' id='word_1_187' title='bbox 1099 3090 1252 3166; x_wconf 88' lang='lat' dir='ltr'><strong>Pudieus,</strong></span> <span class='ocrx_word' id='word_1_188' title='bbox 1262 3086 1442 3156; x_wconf 86' lang='lat' dir='ltr'><strong>cracoviae</strong></span> <span class='ocrx_word' id='word_1_189' title='bbox 1458 3101 1492 3156; x_wconf 89' lang='lat' dir='ltr'><strong>et</strong></span> <span class='ocrx_word' id='word_1_190' title='bbox 1507 3089 1731 3158; x_wconf 85' lang='lat' dir='ltr'><strong>Sandomiriae</strong></span> <span class='ocrx_word' id='word_1_191' title='bbox 1747 3089 1824 3172; x_wconf 88' lang='lat' dir='ltr'><strong>dux,</strong></span> <span class='ocrx_word' id='word_1_192' title='bbox 1841 3097 1873 3154; x_wconf 89' lang='lat' dir='ltr'><strong>et</strong></span> <span class='ocrx_word' id='word_1_193' title='bbox 1887 3089 2005 3155; x_wconf 88' lang='lat' dir='ltr'><strong>Petrus</strong></span> 
     </span>
     <span class='ocr_line' id='line_1_31' title="bbox 916 3171 2005 3259; baseline -0.006 -15"><span class='ocrx_word' id='word_1_194' title='bbox 916 3173 1168 3252; x_wconf 85' lang='lat' dir='ltr'><strong>cumfratribus,</strong></span> <span class='ocrx_word' id='word_1_195' title='bbox 1185 3175 1243 3242; x_wconf 89' lang='lat' dir='ltr'><strong>filii</strong></span> <span class='ocrx_word' id='word_1_196' title='bbox 1258 3171 1465 3244; x_wconf 79' lang='lat' dir='ltr'><strong>Jakubconis</strong></span> <span class='ocrx_word' id='word_1_197' title='bbox 1487 3174 1607 3248; x_wconf 90' lang='lat' dir='ltr'><strong>militis,</strong></span> <span class='ocrx_word' id='word_1_198' title='bbox 1624 3174 1759 3259; x_wconf 89' lang='lat' dir='ltr'><strong>quilibet</strong></span> <span class='ocrx_word' id='word_1_199' title='bbox 1774 3184 1901 3259; x_wconf 83' lang='lat' dir='ltr'><strong>partem</strong></span> <span class='ocrx_word' id='word_1_200' title='bbox 1915 3197 2005 3242; x_wconf 88' lang='lat' dir='ltr'><strong>suam</strong></span> 
     </span>
     <span class='ocr_line' id='line_1_32' title="bbox 915 3259 2005 3342; baseline -0.006 -14"><span class='ocrx_word' id='word_1_201' title='bbox 915 3263 1010 3328; x_wconf 86' lang='lat' dir='ltr'><strong>villae</strong></span> <span class='ocrx_word' id='word_1_202' title='bbox 1025 3259 1225 3328; x_wconf 85' lang='lat' dir='ltr'><strong>Krusiuorva</strong></span> <span class='ocrx_word' id='word_1_203' title='bbox 1239 3259 1358 3334; x_wconf 85' lang='lat' dir='ltr'><strong>dictae,</strong></span> <span class='ocrx_word' id='word_1_204' title='bbox 1391 3259 1589 3326; x_wconf 88' lang='lat' dir='ltr'><strong>monasterio</strong></span> <span class='ocrx_word' id='word_1_205' title='bbox 1606 3259 1824 3342; x_wconf 74' lang='lat' dir='ltr'><strong>Staniatcensi</strong></span> <span class='ocrx_word' id='word_1_206' title='bbox 1852 3259 2005 3340; x_wconf 80' lang='lat' dir='ltr'><strong>vendunt3</strong></span> 
     </span>
     <span class='ocr_line' id='line_1_33' title="bbox 914 3342 2002 3433; baseline -0.002 -17"><span class='ocrx_word' id='word_1_207' title='bbox 914 3343 1089 3417; x_wconf 81' lang='lat' dir='ltr'><strong>Bolealaus</strong></span> <span class='ocrx_word' id='word_1_208' title='bbox 1104 3343 1200 3410; x_wconf 83' lang='lat' dir='ltr'><strong>etiarn</strong></span> <span class='ocrx_word' id='word_1_209' title='bbox 1214 3342 1330 3412; x_wconf 87' lang='lat' dir='ltr'><strong>foedus</strong></span> <span class='ocrx_word' id='word_1_210' title='bbox 1355 3356 1490 3429; x_wconf 87' lang='lat' dir='ltr'><strong>pactum</strong></span> <span class='ocrx_word' id='word_1_211' title='bbox 1504 3343 1629 3412; x_wconf 88' lang='lat' dir='ltr'><strong>ratione</strong></span> <span class='ocrx_word' id='word_1_212' title='bbox 1649 3345 1794 3433; x_wconf 83' lang='lat' dir='ltr'><strong>ejusdem</strong></span> <span class='ocrx_word' id='word_1_213' title='bbox 1805 3345 1901 3415; x_wconf 88' lang='lat' dir='ltr'><strong>villae</strong></span> <span class='ocrx_word' id='word_1_214' title='bbox 1916 3346 2002 3418; x_wconf 86' lang='lat' dir='ltr'><strong>inter</strong></span> 
     </span>
     <span class='ocr_line' id='line_1_34' title="bbox 915 3430 2105 3500; baseline 0 -4"><span class='ocrx_word' id='word_1_215' title='bbox 915 3430 1148 3500; x_wconf 83' lang='lat' dir='ltr'><strong>monasterium</strong></span> <span class='ocrx_word' id='word_1_216' title='bbox 1164 3441 1198 3497; x_wconf 90' lang='lat' dir='ltr'><strong>et</strong></span> <span class='ocrx_word' id='word_1_217' title='bbox 1211 3430 1343 3496; x_wconf 84' lang='lat' dir='ltr'><strong>Petrum</strong></span> <span class='ocrx_word' id='word_1_218' title='bbox 1365 3431 1534 3498; x_wconf 88' lang='lat' dir='ltr'><strong>confirmat</strong></span> <span class='ocrx_word' id='word_1_219' title='bbox 1555 3474 1999 3499; x_wconf 90' lang='grc'><strong>............</strong></span> <span class='ocrx_word' id='word_1_220' title='bbox 2046 3432 2105 3497; x_wconf 91' lang='grc'><strong>101</strong></span> 
     </span>
    </p>
   </div>
   <div class='ocr_carea' id='block_1_12' title="bbox 757 3515 2005 3614">
    <p class='ocr_par' dir='ltr' id='par_1_12' title="bbox 757 3515 2005 3614">
     <span class='ocr_line' id='line_1_35' title="bbox 757 3515 2005 3614; baseline -0.005 -24"><span class='ocrx_word' id='word_1_221' title='bbox 757 3523 872 3590; x_wconf 77' lang='grc'><strong>1214.</strong></span> <span class='ocrx_word' id='word_1_222' title='bbox 915 3517 1037 3586; x_wconf 86' lang='lat' dir='ltr'><strong>Paulus</strong></span> <span class='ocrx_word' id='word_1_223' title='bbox 1050 3517 1247 3614; x_wconf 37' lang='lat' dir='ltr'><strong>&#39;Episcopus</strong></span> <span class='ocrx_word' id='word_1_224' title='bbox 1275 3515 1502 3585; x_wconf 77' lang='lat' dir='ltr'><strong>cracoviensis</strong></span> <span class='ocrx_word' id='word_1_225' title='bbox 1532 3517 1735 3588; x_wconf 79' lang='lat' dir='ltr'><strong>monasterio</strong></span> <span class='ocrx_word' id='word_1_226' title='bbox 1763 3517 2005 3592; x_wconf 79' lang='lat' dir='ltr'><strong>Andreoviensi</strong></span> 
     </span>
    </p>
   </div>
   <div class='ocr_carea' id='block_1_13' title="bbox 782 3599 2106 4955">
    <p class='ocr_par' dir='ltr' id='par_1_13' title="bbox 782 3599 2106 3861">
     <span class='ocr_line' id='line_1_36' title="bbox 918 3599 2004 3688; baseline -0.006 -18"><span class='ocrx_word' id='word_1_227' title='bbox 918 3603 1146 3671; x_wconf 76' lang='lat' dir='ltr'><strong>cisterciensis</strong></span> <span class='ocrx_word' id='word_1_228' title='bbox 1163 3599 1286 3672; x_wconf 84' lang='lat' dir='ltr'><strong>ordinis</strong></span> <span class='ocrx_word' id='word_1_229' title='bbox 1302 3601 1446 3670; x_wconf 88' lang='lat' dir='ltr'><strong>decimas</strong></span> <span class='ocrx_word' id='word_1_230' title='bbox 1471 3623 1601 3672; x_wconf 86' lang='lat' dir='ltr'><strong>mensae</strong></span> <span class='ocrx_word' id='word_1_231' title='bbox 1631 3601 1829 3688; x_wconf 83' lang='lat' dir='ltr'><strong>episcopalis</strong></span> <span class='ocrx_word' id='word_1_232' title='bbox 1858 3607 1892 3667; x_wconf 89' lang='lat' dir='ltr'><strong>in</strong></span> <span class='ocrx_word' id='word_1_233' title='bbox 1918 3602 2004 3665; x_wconf 82' lang='lat' dir='ltr'><strong>vibis</strong></span> 
     </span>
     <span class='ocr_line' id='line_1_37' title="bbox 917 3681 2106 3760; baseline -0.008 -5"><span class='ocrx_word' id='word_1_234' title='bbox 917 3686 1079 3756; x_wconf 84' lang='lat' dir='ltr'><strong>Przelank</strong></span> <span class='ocrx_word' id='word_1_235' title='bbox 1098 3699 1133 3754; x_wconf 90' lang='lat' dir='ltr'><strong>et</strong></span> <span class='ocrx_word' id='word_1_236' title='bbox 1145 3686 1296 3760; x_wconf 80' lang='lat' dir='ltr'><strong>Kozanlri</strong></span> <span class='ocrx_word' id='word_1_237' title='bbox 1311 3688 1441 3756; x_wconf 85' lang='lat' dir='ltr'><strong>confert</strong></span> <span class='ocrx_word' id='word_1_238' title='bbox 1442 3731 1765 3753; x_wconf 90' lang='grc'><strong>.........</strong></span> <span class='ocrx_word' id='word_1_239' title='bbox 1792 3699 1793 3704; x_wconf 75' lang='grc'>’</span> <span class='ocrx_word' id='word_1_240' title='bbox 1796 3730 2000 3750; x_wconf 88' lang='grc'><strong>......</strong></span> <span class='ocrx_word' id='word_1_241' title='bbox 2045 3681 2106 3746; x_wconf 88' lang='grc'><strong>102</strong></span> 
     </span>
     <span class='ocr_line' id='line_1_38' title="bbox 782 3767 2002 3861; baseline -0.008 -19"><span class='ocrx_word' id='word_1_242' title='bbox 782 3778 874 3861; x_wconf 65' lang='grc'><strong>1214.</strong></span> <span class='ocrx_word' id='word_1_243' title='bbox 919 3773 1067 3846; x_wconf 78' lang='lat' dir='ltr'><strong>Cosmus,</strong></span> <span class='ocrx_word' id='word_1_244' title='bbox 1076 3774 1371 3842; x_wconf 84' lang='lat' dir='ltr'><strong>abbasmonasterii</strong></span> <span class='ocrx_word' id='word_1_245' title='bbox 1386 3771 1588 3843; x_wconf 66' lang='lat' dir='ltr'><strong>dinanensis,</strong></span> <span class='ocrx_word' id='word_1_246' title='bbox 1600 3769 1761 3854; x_wconf 85' lang='lat' dir='ltr'><strong>permissu</strong></span> <span class='ocrx_word' id='word_1_247' title='bbox 1775 3767 1919 3837; x_wconf 88' lang='lat' dir='ltr'><strong>Boleslai</strong></span> <span class='ocrx_word' id='word_1_248' title='bbox 1931 3767 2002 3840; x_wconf 71' lang='lat' dir='ltr'><strong>Db:</strong></span> 
     </span>
    </p>

    <p class='ocr_par' dir='ltr' id='par_1_14' title="bbox 815 3851 2106 4686">
     <span class='ocr_line' id='line_1_39' title="bbox 815 3851 2003 3940; baseline -0.008 -13"><span class='ocrx_word' id='word_1_249' title='bbox 815 3865 817 3868; x_wconf 78' lang='grc'><strong>’</strong></span> <span class='ocrx_word' id='word_1_250' title='bbox 918 3861 966 3940; x_wconf 79' lang='lat' dir='ltr'><strong>cis</strong></span> <span class='ocrx_word' id='word_1_251' title='bbox 982 3857 1167 3924; x_wconf 83' lang='lat' dir='ltr'><strong>cracoviae</strong></span> <span class='ocrx_word' id='word_1_252' title='bbox 1192 3868 1225 3924; x_wconf 87' lang='lat' dir='ltr'><strong>et</strong></span> <span class='ocrx_word' id='word_1_253' title='bbox 1250 3854 1487 3935; x_wconf 85' lang='lat' dir='ltr'><strong>Sandcmiriae‚</strong></span> <span class='ocrx_word' id='word_1_254' title='bbox 1514 3851 1714 3918; x_wconf 90' lang='lat' dir='ltr'><strong>consulendo</strong></span> <span class='ocrx_word' id='word_1_255' title='bbox 1734 3852 1897 3936; x_wconf 86' lang='lat' dir='ltr'><strong>profectui</strong></span> <span class='ocrx_word' id='word_1_256' title='bbox 1925 3873 2003 3918; x_wconf 87' lang='lat' dir='ltr'><strong>suae</strong></span> 
     </span>
     <span class='ocr_line' id='line_1_40' title="bbox 918 3933 2004 4012; baseline -0.004 -5"><span class='ocrx_word' id='word_1_257' title='bbox 918 3942 1074 4007; x_wconf 86' lang='lat' dir='ltr'><strong>ecclesiae</strong></span> <span class='ocrx_word' id='word_1_258' title='bbox 1090 3944 1125 4007; x_wconf 84' lang='lat' dir='ltr'><strong>S·</strong></span> <span class='ocrx_word' id='word_1_259' title='bbox 1141 3939 1232 4008; x_wconf 86' lang='lat' dir='ltr'><strong>Geor</strong></span> <span class='ocrx_word' id='word_1_260' title='bbox 1253 3939 1328 4006; x_wconf 85' lang='grc'><strong>11111</strong></span> <span class='ocrx_word' id='word_1_261' title='bbox 1343 3959 1419 4004; x_wconf 86' lang='lat' dir='ltr'><strong>arce</strong></span> <span class='ocrx_word' id='word_1_262' title='bbox 1434 3936 1654 4012; x_wconf 83' lang='lat' dir='ltr'><strong>cracoviensi,</strong></span> <span class='ocrx_word' id='word_1_263' title='bbox 1667 3933 1776 4008; x_wconf 79' lang='lat' dir='ltr'><strong>villam</strong></span> <span class='ocrx_word' id='word_1_264' title='bbox 1790 3935 2004 4010; x_wconf 79' lang='lat' dir='ltr'><strong>Broncwicze</strong></span> 
     </span>
     <span class='ocr_line' id='line_1_41' title="bbox 919 3961 2004 4104; baseline -0.002 -14"><span class='ocrx_word' id='word_1_265' title='bbox 919 4024 1065 4090; x_wconf 86' lang='lat' dir='ltr'><strong>Henrioo</strong></span> <span class='ocrx_word' id='word_1_266' title='bbox 1083 4035 1116 4090; x_wconf 87' lang='lat' dir='ltr'><strong>et</strong></span> <span class='ocrx_word' id='word_1_267' title='bbox 1131 3961 1281 4092; x_wconf 64' lang='lat' dir='ltr'><strong>Gerargdo</strong></span> <span class='ocrx_word' id='word_1_268' title='bbox 1297 4021 1425 4090; x_wconf 84' lang='lat' dir='ltr'><strong>civibus</strong></span> <span class='ocrx_word' id='word_1_269' title='bbox 1441 4019 1715 4088; x_wconf 86' lang='lat' dir='ltr'><strong>cracoviensibus</strong></span> <span class='ocrx_word' id='word_1_270' title='bbox 1727 4022 1800 4104; x_wconf 88' lang='lat' dir='ltr'><strong>jure</strong></span> <span class='ocrx_word' id='word_1_271' title='bbox 1815 4019 2004 4088; x_wconf 90' lang='lat' dir='ltr'><strong>theutonico</strong></span> 
     </span>
     <span class='ocr_line' id='line_1_42' title="bbox 917 4105 2106 4190; baseline -0.002 -19"><span class='ocrx_word' id='word_1_272' title='bbox 917 4107 1089 4174; x_wconf 86' lang='lat' dir='ltr'><strong>locandam</strong></span> <span class='ocrx_word' id='word_1_273' title='bbox 1105 4131 1179 4176; x_wconf 89' lang='lat' dir='ltr'><strong>cum</strong></span> <span class='ocrx_word' id='word_1_274' title='bbox 1193 4107 1292 4174; x_wconf 81' lang='lat' dir='ltr'><strong>variis</strong></span> <span class='ocrx_word' id='word_1_275' title='bbox 1312 4106 1554 4174; x_wconf 79' lang='lat' dir='ltr'><strong>conditionibus</strong></span> <span class='ocrx_word' id='word_1_276' title='bbox 1570 4105 1729 4190; x_wconf 86' lang='lat' dir='ltr'><strong>permittit</strong></span> <span class='ocrx_word' id='word_1_277' title='bbox 1751 4148 1999 4171; x_wconf 88' lang='grc'><strong>.......</strong></span> <span class='ocrx_word' id='word_1_278' title='bbox 2045 4107 2106 4170; x_wconf 83' lang='grc'><strong>104</strong></span> 
     </span>
     <span class='ocr_line' id='line_1_43' title="bbox 917 4188 2006 4274; baseline 0.003 -16"><span class='ocrx_word' id='word_1_279' title='bbox 917 4192 1089 4260; x_wconf 83' lang='lat' dir='ltr'><strong>Boleslaus</strong></span> <span class='ocrx_word' id='word_1_280' title='bbox 1103 4192 1256 4269; x_wconf 79' lang='lat' dir='ltr'><strong>Pedicas,</strong></span> <span class='ocrx_word' id='word_1_281' title='bbox 1272 4192 1338 4258; x_wconf 88' lang='lat' dir='ltr'><strong>dux</strong></span> <span class='ocrx_word' id='word_1_282' title='bbox 1353 4191 1534 4260; x_wconf 82' lang='lat' dir='ltr'><strong>cracoviae</strong></span> <span class='ocrx_word' id='word_1_283' title='bbox 1547 4203 1580 4255; x_wconf 91' lang='lat' dir='ltr'><strong>et</strong></span> <span class='ocrx_word' id='word_1_284' title='bbox 1594 4189 1828 4274; x_wconf 84' lang='lat' dir='ltr'><strong>Sandomiriae,</strong></span> <span class='ocrx_word' id='word_1_285' title='bbox 1844 4213 1917 4258; x_wconf 91' lang='lat' dir='ltr'><strong>cum</strong></span> <span class='ocrx_word' id='word_1_286' title='bbox 1943 4188 2006 4266; x_wconf 76' lang='lat' dir='ltr'><strong>sua</strong></span> 
     </span>
     <span class='ocr_line' id='line_1_44' title="bbox 917 4274 2000 4365; baseline -0.003 -21"><span class='ocrx_word' id='word_1_287' title='bbox 917 4299 1018 4346; x_wconf 73' lang='lat' dir='ltr'><strong>unum</strong></span> <span class='ocrx_word' id='word_1_288' title='bbox 1038 4279 1248 4365; x_wconf 82' lang='lat' dir='ltr'><strong>cunegunda,</strong></span> <span class='ocrx_word' id='word_1_289' title='bbox 1270 4276 1371 4363; x_wconf 88' lang='lat' dir='ltr'><strong>vulgo</strong></span> <span class='ocrx_word' id='word_1_290' title='bbox 1387 4277 1508 4363; x_wconf 81' lang='lat' dir='ltr'><strong>Kynga</strong></span> <span class='ocrx_word' id='word_1_291' title='bbox 1534 4274 1631 4358; x_wconf 86' lang='lat' dir='ltr'><strong>dicta,</strong></span> <span class='ocrx_word' id='word_1_292' title='bbox 1657 4275 1828 4361; x_wconf 74' lang='lat' dir='ltr'><strong>privilegia</strong></span> <span class='ocrx_word' id='word_1_293' title='bbox 1852 4275 2000 4342; x_wconf 88' lang='lat' dir='ltr'><strong>donatio-</strong></span> 
     </span>
     <span class='ocr_line' id='line_1_45' title="bbox 917 4360 2005 4448; baseline -0.001 -20"><span class='ocrx_word' id='word_1_294' title='bbox 917 4385 992 4428; x_wconf 86' lang='lat' dir='ltr'><strong>num</strong></span> <span class='ocrx_word' id='word_1_295' title='bbox 1005 4373 1039 4430; x_wconf 85' lang='lat' dir='ltr'><strong>st</strong></span> <span class='ocrx_word' id='word_1_296' title='bbox 1053 4363 1250 4438; x_wconf 84' lang='lat' dir='ltr'><strong>libertatum,</strong></span> <span class='ocrx_word' id='word_1_297' title='bbox 1264 4373 1331 4427; x_wconf 89' lang='lat' dir='ltr'><strong>tam</strong></span> <span class='ocrx_word' id='word_1_298' title='bbox 1340 4360 1489 4432; x_wconf 89' lang='lat' dir='ltr'><strong>villarum</strong></span> <span class='ocrx_word' id='word_1_299' title='bbox 1503 4380 1599 4448; x_wconf 83' lang='lat' dir='ltr'><strong>qnam</strong></span> <span class='ocrx_word' id='word_1_300' title='bbox 1613 4360 1877 4445; x_wconf 85' lang='lat' dir='ltr'><strong>ascripticiorum</strong></span> <span class='ocrx_word' id='word_1_301' title='bbox 1888 4383 2005 4427; x_wconf 88' lang='lat' dir='ltr'><strong>eorun-</strong></span> 
     </span>
     <span class='ocr_line' id='line_1_46' title="bbox 918 4443 2002 4536; baseline -0.002 -22"><span class='ocrx_word' id='word_1_302' title='bbox 918 4448 991 4514; x_wconf 86' lang='lat' dir='ltr'><strong>dem</strong></span> <span class='ocrx_word' id='word_1_303' title='bbox 1008 4471 1120 4536; x_wconf 78' lang='lat' dir='ltr'><strong>arege</strong></span> <span class='ocrx_word' id='word_1_304' title='bbox 1133 4447 1296 4520; x_wconf 73' lang='lat' dir='ltr'><strong>boleslao,</strong></span> <span class='ocrx_word' id='word_1_305' title='bbox 1312 4448 1424 4533; x_wconf 78' lang='lat' dir='ltr'><strong>regina</strong></span> <span class='ocrx_word' id='word_1_306' title='bbox 1437 4445 1582 4522; x_wconf 63' lang='lat' dir='ltr'><strong>duditbra</strong></span> <span class='ocrx_word' id='word_1_307' title='bbox 1597 4465 1658 4512; x_wconf 86' lang='lat' dir='ltr'><strong>nec</strong></span> <span class='ocrx_word' id='word_1_308' title='bbox 1675 4466 1740 4528; x_wconf 75' lang='lat' dir='ltr'><strong>uon</strong></span> <span class='ocrx_word' id='word_1_309' title='bbox 1757 4467 1777 4508; x_wconf 91' lang='lat' dir='ltr'><strong>a</strong></span> <span class='ocrx_word' id='word_1_310' title='bbox 1792 4443 1927 4525; x_wconf 87' lang='lat' dir='ltr'><strong>ducibus</strong></span> <span class='ocrx_word' id='word_1_311' title='bbox 1935 4447 2002 4512; x_wconf 89' lang='lat' dir='ltr'><strong>Bo·</strong></span> 
     </span>
     <span class='ocr_line' id='line_1_47' title="bbox 917 4529 2008 4617; baseline -0.001 -20"><span class='ocrx_word' id='word_1_312' title='bbox 917 4531 1018 4600; x_wconf 86' lang='lat' dir='ltr'><strong>lsalao</strong></span> <span class='ocrx_word' id='word_1_313' title='bbox 1042 4543 1076 4598; x_wconf 86' lang='lat' dir='ltr'><strong>et</strong></span> <span class='ocrx_word' id='word_1_314' title='bbox 1090 4532 1259 4601; x_wconf 73' lang='lat' dir='ltr'><strong>Vladislao</strong></span> <span class='ocrx_word' id='word_1_315' title='bbox 1291 4530 1369 4617; x_wconf 85' lang='lat' dir='ltr'><strong>filio,</strong></span> <span class='ocrx_word' id='word_1_316' title='bbox 1399 4531 1599 4602; x_wconf 82' lang='lat' dir='ltr'><strong>monasterio</strong></span> <span class='ocrx_word' id='word_1_317' title='bbox 1626 4529 2008 4608; x_wconf 43' lang='grc' dir='ltr'><strong>1111111111(1111111111)λι</strong></span> 
     </span>
     <span class='ocr_line' id='line_1_48' title="bbox 917 4617 2104 4686; baseline -0.003 -2"><span class='ocrx_word' id='word_1_318' title='bbox 917 4627 1054 4682; x_wconf 86' lang='lat' dir='ltr'><strong>renovat</strong></span> <span class='ocrx_word' id='word_1_319' title='bbox 1069 4617 1285 4686; x_wconf 83' lang='lat' dir='ltr'><strong>etconlirmat</strong></span> <span class='ocrx_word' id='word_1_320' title='bbox 1288 4658 1997 4684; x_wconf 85' lang='lat'><strong>...................</strong></span> <span class='ocrx_word' id='word_1_321' title='bbox 2044 4617 2104 4681; x_wconf 86' lang='grc'><strong>106</strong></span> 
     </span>
    </p>

    <p class='ocr_par' dir='ltr' id='par_1_15' title="bbox 782 4698 2100 4955">
     <span class='ocr_line' id='line_1_49' title="bbox 782 4698 2006 4780; baseline -0.007 -6"><span class='ocrx_word' id='word_1_322' title='bbox 782 4707 874 4776; x_wconf 80' lang='grc'><strong>1276.</strong></span> <span class='ocrx_word' id='word_1_323' title='bbox 916 4701 1088 4770; x_wconf 88' lang='lat' dir='ltr'><strong>Boleelaus</strong></span> <span class='ocrx_word' id='word_1_324' title='bbox 1102 4699 1255 4780; x_wconf 83' lang='lat' dir='ltr'><strong>Pudicus,</strong></span> <span class='ocrx_word' id='word_1_325' title='bbox 1277 4699 1458 4770; x_wconf 73' lang='lat' dir='ltr'><strong>cracoviae</strong></span> <span class='ocrx_word' id='word_1_326' title='bbox 1489 4709 1523 4768; x_wconf 88' lang='lat' dir='ltr'><strong>et</strong></span> <span class='ocrx_word' id='word_1_327' title='bbox 1548 4698 1771 4770; x_wconf 83' lang='lat' dir='ltr'><strong>Sandomiriae</strong></span> <span class='ocrx_word' id='word_1_328' title='bbox 1793 4699 1869 4778; x_wconf 86' lang='lat' dir='ltr'><strong>dux,</strong></span> <span class='ocrx_word' id='word_1_329' title='bbox 1894 4701 2006 4768; x_wconf 88' lang='lat' dir='ltr'><strong>comiti</strong></span> 
     </span>
     <span class='ocr_line' id='line_1_50' title="bbox 916 4783 2003 4888; baseline -0.002 -36"><span class='ocrx_word' id='word_1_330' title='bbox 916 4787 1138 4888; x_wconf 56' lang='lat' dir='ltr'><strong>Wierzbictae</strong></span> <span class='ocrx_word' id='word_1_331' title='bbox 1162 4785 1375 4868; x_wconf 57' lang='lat' dir='ltr'><strong>{Virbentaet</strong></span> <span class='ocrx_word' id='word_1_332' title='bbox 1403 4784 1595 4854; x_wconf 82' lang='lat' dir='ltr'><strong>facultatem</strong></span> <span class='ocrx_word' id='word_1_333' title='bbox 1608 4783 1716 4870; x_wconf 82' lang='lat' dir='ltr'><strong>villam</strong></span> <span class='ocrx_word' id='word_1_334' title='bbox 1741 4785 1912 4872; x_wconf 78' lang='lat' dir='ltr'><strong>Praeginia</strong></span> <span class='ocrx_word' id='word_1_335' title='bbox 1932 4788 2003 4869; x_wconf 86' lang='lat' dir='ltr'><strong>jure</strong></span> 
     </span>
     <span class='ocr_line' id='line_1_51' title="bbox 917 4870 2100 4955; baseline -0.003 -17"><span class='ocrx_word' id='word_1_336' title='bbox 917 4871 1130 4940; x_wconf 85' lang='lat' dir='ltr'><strong>theuthonrco</strong></span> <span class='ocrx_word' id='word_1_337' title='bbox 1145 4870 1274 4942; x_wconf 87' lang='lat' dir='ltr'><strong>locandi</strong></span> <span class='ocrx_word' id='word_1_338' title='bbox 1288 4871 1449 4955; x_wconf 89' lang='lat' dir='ltr'><strong>permittit</strong></span> <span class='ocrx_word' id='word_1_339' title='bbox 1476 4914 1995 4938; x_wconf 89' lang='grc'><strong>..............</strong></span> <span class='ocrx_word' id='word_1_340' title='bbox 2040 4871 2100 4934; x_wconf 89' lang='grc'><strong>112</strong></span> 
     </span>
    </p>
   </div>
   <div class='ocr_carea' id='block_1_14' title="bbox 0 0 2480 5926">
    <p class='ocr_par' dir='ltr' id='par_1_16' title="bbox 0 0 2480 5926">
     <span class='ocr_line' id='line_1_52' title="bbox 0 0 2480 5926; baseline 0 2"><span class='ocrx_word' id='word_1_341' title='bbox 0 0 2480 5926; x_wconf 95' lang='lat' dir='ltr'><strong> </strong></span> 
     </span>
    </p>
   </div>
  </div>
 </body>
</html>
