4822 5924
1036 733 1312 810 -355-

261 1033 267 1046 ,
344 936 583 1049 praedictas
603 933 887 1024 haereditates
903 894 1091 1050 Korporo,
1119 938 1368 1046 Damborryn
1385 945 1429 1020 et
1444 936 1688 1024 Scultetiam
1710 941 1753 1024 in
1766 940 1995 1046 abarana,

346 1057 571 1142 exemimus
590 1063 635 1138 ιι
648 1055 964 1164 appropriamus
985 1055 1241 1146 Monasterio
1260 1066 1402 1142 nostro
1422 1057 1671 1166 praelibato,
1688 1069 1731 1142 et
1744 1088 1820 1169 pro
1838 1061 1997 1146 eisdem

346 1201 520 1289 quoque
542 1173 763 1257 Trecentis
785 1173 937 1258 Marcis
961 1174 1072 1260 dicto
1094 1173 1290 1262 Mich'aeli
1320 1174 1492 1260 Ριιιιιι
1511 1178 1774 1262 vendidimus
1798 1177 1996 1265 Advoca-

168 1259 173 1266 ’
213 1319 216 1327 ·
344 1295 458 1378 tiam
467 1293 719 1378 nostrornm
740 1290 923 1378 Civitate
944 1304 1086 1378 nostra
1118 1295 1291 1380 Sbeoaira
1311 1293 1543 1414 adiungent
1546 1323 1590 1378 es
1613 1303 1657 1380 et
1676 1299 1995 1407 appropriantes

342 1413 480 1498 eidem
509 1409 772 1497 Advocatiae
803 1409 974 1495 Juraet
992 1412 1107 1500 bona
1136 1414 1420 1522 infrascripta,
1452 1414 1649 1498 videlicet
1680 1416 1876 1504 Castrum
1918 1445 1995 1504 nc-

342 1540 476 1616 strum
497 1558 593 1615 cum
613 1531 765 1615 institis
787 1533 983 1635 cameris,
1014 1513 1183 1618 Barlicis
1213 1536 1469 1635 institorum,
1492 1535 1695 1642 pistorum
1706 1535 1995 1640 ,carnificum

341 1643 587 1763 pellificum,
607 1651 735 1762 panni
737 1651 840 1734 tecis
861 1651 1198 1759 pannicidarum,
1220 1651 1444 1758 Balneum,
1473 1652 1790 1743 Molendinum
1779 1684 1822 1736 1n
1845 1655 1994 1738 eadem

343 1771 501 1860 Civitat
483 1781 525 1854 ιι
545 1771 600 1852 sit
602 1781 733 1854 aete
675 1771 829 1852 ιιιιιιι
850 1767 1010 1854 Civitat
946 1778 1076 1856 ιιιι]
1099 1773 1210 1856 aliud
1230 1771 1512 1860 molendinum
1547 1799 1678 1883 penes
1700 1774 1811 1858 viam
1833 1773 1992 1887 Tynie-

342 1917 525 1992 censam,
547 1887 652 1972 duos
673 1914 862 1992 mansos,
885 1889 967 1973 duo
989 1899 1130 1999 prata,
1152 1919 1283 1976 unum
1304 1891 1462 1994 dictum
1489 1890 1611 1974 Vseru
1633 1889 1690 2004 (l)
1710 1895 1817 1975 inter
1838 1893 1990 1978 fluvios

270 2043 277 2058 ·
348 2005 496 2110 lisdem
508 2007 560 2094 ιι
581 2005 790 2092 Sbeoinam
823 2008 931 2092 inter
961 2009 1124 2094 Locum
1147 2013 1234 2094 dict
1217 2020 1306 2094 tum
1327 2007 1497 2092 Rdraeoe
1518 2020 1562 2092 ιι
1582 2011 1696 2096 aliud
1718 2011 1805 2092 dict
1789 2020 1876 2092 tum
1896 2012 1991 2116 Da-

340 2101 471 2210 ὄνοισι
500 2127 679 2210 tendens
702 2128 758 2210 ad
777 2125 938 2212 fossata
894 2130 1260 2238 tgranitierum,
1291 2131 1456 2216 hortum
1488 2139 1599 2216 retro
1632 2128 1830 2213 Castrum
1850 2158 1992 2238 penes

338 2249 450 2330 viam
483 2232 884 2349 Oswencimensem,
914 2248 1092 2330 insulam
1124 2279 1218 2332 oum
1250 2248 1404 2334 Rubet
1393 2276 1427 2330 rs
1458 2249 1564 2332 inter
1584 2251 1756 2335 fluvium
1780 2246 1991 2332 staverem

340 2376 382 2448 et
401 2365 577 2477 Rippcm
605 2365 849 2468 molendini,
887 2365 991 2448 duas
1022 2367 1207 2476 piscinas
1240 2369 1351 2450 circa
1384 2366 1675 2503 Castrum,et
1657 2371 1859 2450 ttertiam
1891 2378 1990 2450 ante

338 2485 505 2568 valvam
525 2485 949 2571 Radzieszoviensem
970 2487 1161 2596 praedict
1164 2515 1215 2569 ιι
1239 2484 1351 2572 Civit
1333 2485 1443 2590 tatis,
1465 2487 1638 2570 fluvium
1659 2496 1798 2569 totum
1817 2483 1940 2566 Sboor
1915 2513 1997 2571 unc

338 2631 437 2686 cum
467 2612 647 2716 utraque
677 2605 818 2713 rippa,
856 2607 1022 2688 ametis
1054 2607 1288 2690 haereditat
1226 2607 1346 2690 tatis
1356 2604 1489 2688 Rodzr'
1472 2631 1607 2690 ιιιιοιι
1627 2631 1766 2714 usque
1787 2605 1903 2684 ad
1864 2607 1990 2712 pisci·
2070 2684 2072 2689 .

338 2749 438 2806 nam
457 2720 581 2806 villae
605 2719 823 2831 Szynbark,
847 2733 890 2805 et
911 2725 1087 2808 eandem
1117 2725 1341 2833 piscinam,
1372 2721 1510 2806 taliter
1541 2726 1657 2832 quod
1677 2751 1753 2808 nos
1774 2721 1923 2808 Abbas
1947 2736 1989 2808 et

337 2841 470 2926 nostri
490 2838 769 2926 successores
788 2844 850 2926 uti
871 2869 923 2924 ιι
941 2846 1182 2981 poterimus,
1207 2855 1248 2927 ιι
1267 2841 1486 2955 perfodere
1507 2844 1683 2928 eandem
1703 2869 1778 2952 pro
1799 2841 1987 2984 piscibus

336 2961 567 3069 capiendis,
590 2963 753 3072 quoties
774 2958 900 3044 fuerit
918 2991 1111 3070 necesse,
1132 2962 1176 3044 in
1198 2963 1282 3075 quo
1306 2961 1477 3073 quidem
1496 2961 1624 3046 fluvio
1645 2962 1891 3074 Advocatus
1915 2968 1989 3072 qui

336 3077 462 3163 fuerit
495 3108 571 3189 pro
606 3093 813 3190 tempore,
851 3093 1043 3190 operaet
1063 3086 1274 3193 operarios
1304 3083 1443 3168 locare
1473 3081 1646 3191 poterit,
1678 3091 1988 3217 quantumcun-

338 3209 423 3306 que
444 3201 596 3308 possit,
619 3208 663 3284 et
683 3198 762 3283 sibi
783 3197 908 3286 fuerit
927 3229 1125 3309 neeesse3
1159 3203 1286 3286 etiem
1306 3231 1340 3286 ι]
1330 3200 1520 3285 dictum
1541 3200 1860 3286 molendinum
1849 3229 1892 3283 ιι
1914 3202 1986 3288 Ci

335 3319 467 3401 vitate
497 3320 717 3456 praedicta
746 3331 976 3425 corrueret,
1007 3321 1161 3406 aliud
1149 3351 1239 3461 rpse
1268 3321 1612 3408 Advocatust
1536 3329 1612 3432 pot
1613 3323 1690 3406 crit
1672 3320 1848 3405 tloeare
1870 3332 1988 3412 extra

336 3433 593 3522 Civitatem
582 3465 626 3518 ιι
645 3437 863 3545 praedicto
898 3439 1071 3544 fluvio,
1059 3469 1102 3521 m
1123 3443 1210 3525 suis
1231 3441 1301 3526 vel
1323 3443 1426 3526 alias
1457 3469 1533 3549 per
1563 3468 1659 3522 eum
1691 3442 1985 3548 comparandis

334 3555 470 3644 bonis.
519 3555 608 3640 Nos
630 3563 770 3638 autem
791 3554 1005 3642 Abbaset
1026 3560 1272 3645 Conventus
1293 3589 1346 3644 ac
1365 3585 1440 3645 nos
1444 3560 1495 3640 tri
1444 3558 1803 3644 tSucoessores
1827 3565 1870 3638 ιι
1890 3561 1984 3669 qui-

334 3702 504 3786 cunque
525 3674 631 3758 alter
652 3673 764 3758 aliud
783 3673 981 3762 balneum
1000 3677 1070 3764 vel
1091 3679 1406 3762 molendinum
1394 3709 1437 3762 ιι
1458 3677 1641 3761 Ciuitate
1672 3676 1865 3785 praedict
1866 3704 1892 3760 a
1847 3680 1980 3760 ιιι]

334 3803 451 3880 extra
468 3793 622 3897 locare,
644 3801 804 3879 eontra
810 3795 1032 3898 Advocati,
1055 3799 1129 3904 qui
1147 3825 1222 3908 pro
1243 3807 1432 3906 tempore
1452 3793 1595 3900 firerit,
1611 3795 1807 3878 balneum
1830 3807 1874 3878 et
1892 3823 1982 3894 mo-

279 4013 284 4020 ,
331 3913 511 3999 lendino
519 3942 603 3999 non
624 3912 875 4000 habebimus
895 3945 974 4000 nec
995 3915 1215 4000 habebunt
1197 3926 1226 4000 t.
1260 3915 1385 4002 Cives
1401 3939 1500 4002 vero
1518 3927 1560 3996 ιι
1577 3913 1820 4000 Suburbani
1842 3917 1980 4000 dictae

333 4153 445 4254 dicti,
466 4151 619 4239 brasea
640 4163 683 4237 et
701 4150 910 4238 frumenta
938 4156 1156 4268 legumina
1186 4180 1484 4269 quaecunque.
1536 4154 1718 4240 Ratione
1741 4161 1883 4240 autem
1907 4154 1979 4236 de-

331 4274 465 4354 cimae
487 4271 539 4354 de
561 4273 682 4356 dietis
714 4271 879 4378 duobus
909 4276 1068 4359 mansis
1088 4302 1164 4385 per
1184 4274 1386 4361 fertonem
1418 4275 1579 4362 solvere
1611 4272 1804 4378 debebit,
1836 4273 1904 4355 eui
1926 4273 1976 4356 de
2121 4385 2123 4388 Ι

330 4390 437 4476 Jurs
457 4398 522 4473 est
543 4389 761 4492 solvenda,
784 4392 900 4474 etde
923 4391 1064 4478 Censu
1101 4396 1215 4479 dicta
1244 4386 1487 4498 'Advocatio
1508 4400 1550 4475 et
1570 4392 1816 4478 Advocatus
1851 4419 1974 4500 prae-

331 4510 469 4594 dictus
490 4517 652 4596 sextum
676 4509 890 4593 denarium
914 4523 956 4595 et
974 4515 1063 4622 ipse
1079 4511 1229 4599 Abbas
1252 4515 1438 4624 quinque
1461 4513 1653 4596 denarios
1676 4509 1859 4594 omnium
1880 4539 1975 4621 pro-

330 4637 532 4715 ventuum
550 4627 707 4712 ibidem
728 4626 968 4738 habebunt3
999 4630 1272 4716 Judioialium
1294 4641 1440 4715 autem·
1455 4630 1754 4716 obventionum
1775 4627 1973 4714 Advoca-

326 4752 387 4834 tia
406 4747 574 4832 tertium
610 4747 826 4830 denarium
847 4757 889 4835 ct
908 4750 1018 4836 idem
1060 4747 1209 4836 Abbas
1241 4751 1346 4837 duos
1376 4749 1570 4834 denarios
1600 4745 1864 4833 obtinebunt.
1915 4751 1973 4834 Et
2061 4819 2065 4827 ,

231 4905 238 4914 ’
316 4897 425 4986 cum
456 4865 660 4980 generalis
692 4867 901 4980 expeditio
932 4869 1259 4982 Regnicolarum
1297 4880 1339 4954 et
1373 4867 1546 4954 aliorum
1576 4865 1700 4954 fuerit
1720 4867 1972 4982 Terrigena-

1708 5002 1768 5070 45*
