4856 5932
1018 687 1296 762 -387-

330 916 436 974 men:
471 887 587 996 quod
606 887 718 973 idem
742 887 979 974 Stanislaus
1000 917 1120 974 suam
1140 896 1274 974 totam
1295 895 1458 998 portem
1479 885 1736 994 hereditatis,
1758 917 1888 1001 quem
1903 894 1979 978 ha-

329 1012 424 1096 buit
443 1007 601 1092 ibidem
621 1009 666 1090 in
686 1006 850 1118 Zirm'ky
873 1009 983 1094 Oum
1005 1010 1116 1092 omni
1139 1007 1244 1092 Jure
1268 1017 1310 1092 et
1329 1017 1419 1094 toto
1442 1006 1636 1112 dominio,
1672 1037 1750 1091 neo
1781 1039 1864 1096 non
1886 1041 1981 1100 oum

331 1127 527 1216 omnibus
548 1136 593 1208 et
607 1127 783 1238 singulis
800 1127 1066 1232 utilitatibus,
1082 1127 1294 1234 sensibus,
1311 1123 1529 1233 steefibus,
1551 1126 1798 1233 redditibus,
1821 1129 1981 1216 obven-

333 1246 541 1350 oionibus,
562 1256 606 1329 et
626 1248 866 1358 attineneijs
902 1247 1108 1331 universis
1146 1247 1489 1358 quibuscumque
1524 1245 1717 1329 dieantur
1746 1249 1982 1336 nominibus

331 1375 458 1478 prout
479 1363 594 1450 solus
615 1365 751 1450 tenuit
772 1377 816 1450 et
834 1365 1035 1476 possedit,
1076 1373 1118 1448 et
1144 1374 1270 1475 prout
1299 1367 1448 1449 eadem
1483 1391 1587 1476 pars
1616 1363 1862 1451 hereditatis
1897 1371 1982 1454 iam

333 1487 509 1570 distein
531 1485 618 1568 suis
639 1487 763 1569 metis
784 1483 1048 1571 etlimitibus
1083 1485 1171 1568 late
1203 1485 1419 1598 longeque
1461 1511 1512 1566 ae
1547 1483 1983 1574 circumfereneialiter

331 1615 398 1688 est
419 1603 629 1709 disfinota,
651 1604 833 1717 signata,
854 1613 898 1688 et
915 1605 1107 1708 limitata,
1130 1603 1259 1688 nichil
1277 1631 1354 1714 pro
1376 1631 1422 1686 se
1443 1611 1518 1686 aut
1537 1603 1624 1687 suis
1647 1609 1982 1719 consanguineis

331 1722 489 1808 ibidem
509 1725 677 1831 penitus
697 1725 967 1830 reservando,
987 1751 1063 1835 pro
1085 1733 1203 1832 parte
1235 1723 1481 1806 hereditatis
1513 1723 1626 1805 dicte
1656 1724 1988 1812 Irzmanezovicze·

331 1843 374 1927 et
393 1869 470 1954 pro
491 1841 570 1926 illis
593 1869 679 1952 que
701 1843 838 1928 eidem
858 1843 1033 1928 Nicolao
1055 1853 1155 1952 post
1175 1841 1337 1928 obitum
1353 1841 1499 1924 matris
1514 1869 1591 1928 sue
1606 1840 1763 1928 ibidem
1781 1841 1983 1930 debererit

329 1961 560 2072 provenire,
581 1962 694 2046 dioto
715 1963 890 2048 Nicolao
913 1962 1040 2066 dedit,
1061 1963 1338 2064 eommutavit
1372 1970 1415 2044 et
1442 1961 1484 2042 in
1518 1970 1769 2072 perpetuum
1789 1967 1981 2077 resigna·

330 2083 392 2166 vit
412 2090 455 2164 et
472 2081 606 2189 ipsius
627 2080 836 2192 legittime
857 2083 1105 2190 posteritati:
1143 2081 1226 2165 hoo
1261 2089 1406 2164 temen
1441 2079 1683 2184 intercluso,
1719 2084 1837 2193 quod
1871 2085 1984 2170 idem
2093 2111 2094 2114 ‘

331 2199 639 2316 Nicolaustiem
662 2201 820 2284 dietam
848 2209 1013 2311 purtem
1044 2201 1291 2286 hereditatis
1311 2199 1469 2284 ibidem
1490 2201 1534 2282 in
1555 2194 1720 2308 Zr'rur'lrp
1743 2202 1795 2285 de
1817 2202 1985 2314 obliga·

334 2319 525 2406 sionibus
548 2328 719 2402 oenbrm
740 2347 837 2404 eum
857 2319 1010 2432 viginti
1029 2320 1182 2404 marcis
1212 2347 1288 2431 pro
1311 2347 1357 2404 se
1379 2317 1511 2403 debet
1539 2346 1729 2404 exemere
1751 2330 1795 2404 et
1816 2325 1987 2432 expedi-

330 2467 389 2542 re,
410 2437 718 2550 liberandoque
754 2451 960 2552 perpetue
981 2443 1211 2550 possidere,
1232 2439 1428 2544 vendere,
1460 2441 1631 2542 donare,
1653 2450 1924 2548 commutare,
1945 2453 1988 2528 et

333 2556 389 2640 ad
413 2585 511 2640 usus
532 2585 633 2643 suos
655 2556 946 2668 beneplacitos
960 2559 1095 2644 libere
1111 2570 1368 2644 convertere.
1386 2557 1549 2644 Herum
1566 2555 1723 2671 quibus
1739 2557 1783 2642 in
1798 2555 1987 2648 testimo-'-

330 2679 445 2760 nium
466 2686 612 2761 nostra
631 2678 901 2786 presentibus
923 2679 1065 2789 sigilla
1085 2687 1185 2763 sunt
1206 2704 1408 2790 appensa.
1454 2677 1677 2782 Datumin
1700 2676 1914 2790 Opputlrow
1931 2680 1986 2796 (ὅ)

330 2793 436 2878 feria
458 2797 608 2903 quinta
628 2799 819 2905 proxima
838 2807 939 2908 post
958 2797 1114 2882 festum
1135 2798 1424 2902 Pentecostes,
1449 2823 1560 2880 auno
1593 2796 1748 2880 domini
1769 2799 1984 2886 millesimo

330 2915 751 3030 quadringentesimo
772 2919 973 3004 vicesimo
995 2927 1161 3030 quartu,
1181 2916 1449 3028 presentibus
1471 2916 1550 3025 hijs
1573 2914 1753 3000 dominis
1785 2915 1982 3003 Johaune

329 3034 382 3116 de
402 3033 617 3118 Podtodoro
639 3034 707 3152 (ὓ),
730 3035 932 3122 Johenne
957 3039 1008 3120 de
1029 3030 1183 3120 Ostrow
1207 3033 1275 3151 (³),
1296 3035 1478 3134 Derslao
1500 3036 1554 3117 de
1574 3032 1781 3145 Lopattuo
1798 3035 1865 3150 (⁸),
1886 3038 1991 3124 Pel--

328 3151 386 3266 ke
408 3154 461 3238 de
482 3153 719 3263 Przeswody
741 3155 808 3270 (⁹),
838 3155 1082 3244 Mirzonone
1119 3159 1171 3240 de
1211 3154 1373 3242 Mltos>
1397 3153 1484 3268 (¹⁰),
1505 3151 1703 3238 decussio
1737 3155 1788 3236 de
1823 3155 1979 3240 ibidem

243 3369 251 3390 ·
328 3270 557 3356 heredibus
580 3284 624 3358 et
643 3273 734 3382 ulijs
756 3276 902 3360 multis
933 3275 1020 3358 fide
1043 3275 1196 3388 dignis.
1338 3371 1340 3376 ,

437 3508 475 3587 (⁵)
500 3505 527 3572 0
552 3521 638 3584 owe,
654 3507 799 3594 regionis
809 3517 848 3572 et
861 3508 1022 3574 territorii
1036 3513 1148 3598 ceput,
1160 3511 1194 3576 in
1209 3509 1466 3578 Sandomiriensi
1481 3509 1663 3596 provincia.

438 3593 479 3674 tl)
499 3532 588 3662 Vlla
604 3591 839 3677 Opotoviensis
853 3593 1007 3680 regionis.

436 3675 477 3762 (²)
499 3678 622 3748 Multae
636 3677 732 3742 villae
747 3686 824 3743 sunt
839 3677 987 3764 ejusdem
1002 3677 1155 3758 nominis,
1172 3679 1291 3746 ibidem
1308 3679 1469 3746 locorum.

383 3769 385 3776 '
431 3767 473 3846 (lt
496 3767 656 3854 Lopatno,
674 3762 749 3828 villu
763 3762 797 3828 in
813 3763 1072 3832 Sandomiriensi
1085 3764 1251 3832 territorio
1267 3764 1341 3830 sits.
1907 3837 1913 3851 ,

431 3849 472 3932 (⁹)
497 3850 688 3936 Przezwody,
705 3847 852 3934 ejusdem
865 3849 1004 3916 nominis
1018 3849 1112 3915 villae
1129 3849 1251 3918 suntin
1267 3849 1551 3934 dedrzejowiensi
1574 3848 1840 3918 Szlralbruiriensi
1852 3858 1884 3914 et
1901 3852 1982 3916 Sau-

321 3937 568 4009 domitianum
593 3933 677 4001 ioue.

385 4035 387 4042 ’
434 4023 487 4106 (¹⁰)
510 4020 553 4089 V'
620 4017 856 4107 Opotoviensis
876 4029 927 4088 est
941 4019 1097 4109 regionis.
1361 4031 1363 4036 '
