4856 5932
1029 701 1202 778 ..m
1254 739 1302 756 ...

1019 1118 1298 1236 onxrxnr.
1761 1271 1762 1274 Ὗ

490 1376 493 1382 ’
533 1437 536 1442 -
615 1380 685 1460 ln
701 1370 1081 1480 Bothum-21
1102 1375 1355 1494 Octobris
1380 1375 1518 1466 1:³92
1537 1311 1701 1462 dano.

331 1597 491 1674 Turbda
503 1567 688 1676 multata,
711 1593 974 1686 caenurgon
990 1593 1115 1664 Olaao
1130 1599 1163 1670 et
1178 1597 1304 1668 Gomon
1326 1551 1491 1674 fremitleo
1505 1597 1573 1673 tuci
1589 1597 1785 1688 tieszrnerri
1798 1599 1833 1671 et
1846 1537 1986 1673 boleslao

558 1717 596 1773 re
609 1699 775 1775 hennino
788 1699 860 1772 thir
874 1697 1010 1792 duston
1027 1700 1261 1792 oppigneratur
1282 1717 1302 1773 a
1320 1701 1464 1792 spiuone
1478 1702 1516 1775 de
1531 1703 1696 1790 Mielsapa
1706 1703 1760 1785 (1).

345 1915 348 1922 ’
434 1908 523 1994 Nos
544 1907 822 1995 Praemislaus
844 1915 887 1990 et
907 1906 1041 1993 Bolho
1061 1907 1341 1994 Przemislaus
1364 1935 1449 2018 que
1468 1911 1558 1994 nati
1578 1909 1766 1994 eiusdem
1786 1909 1987 2021 theschy-

333 2055 485 2112 nenses
508 2029 575 2112 dei
596 2029 741 2140 gracia
763 2029 905 2132 duces,
928 2027 1084 2111 domini
1107 2041 1149 2112 et
1168 2029 1361 2112 heredes.
1391 2029 1548 2114 Notum
1569 2025 1747 2113 facimus
1767 2030 1986 2135 uniuersis,

336 2146 491 2256 quibus
524 2145 712 2259 expedit,
733 2148 789 2232 ad
810 2175 987 2260 quorum
1017 2147 1216 2231 noticiam
1251 2156 1467 2258 presentes
1502 2157 1644 2233 nostre
1679 2147 1796 2231 litere
1831 2145 1986 2231 fuerint

333 2266 545 2353 deuolute.
598 2261 725 2366 Quod
761 2294 787 2348 a
806 2265 946 2351 valido
966 2265 1092 2349 milite
1115 2265 1312 2377 spithone
1335 2266 1387 2348 de
1410 2263 1581 2351 Molsten
1615 2267 1803 2378 palatino
1839 2292 1986 2349 craco-

323 2385 496 2490 wiensi,
534 2384 747 2471 districtus
771 2387 908 2496 ‘ipsius
939 2383 1136 2468 videlicet
1169 2384 1480 2496 lyblynensem,
1515 2384 1909 2496 rozembergensem
1946 2393 1988 2466 et
2134 2447 2139 2458 .

330 2500 662 2616 gorzowiensem
696 2532 782 2588 una
818 2531 912 2587 cum
948 2501 1164 2614 fortalicijs
1187 2513 1230 2587 et
1251 2505 1386 2614 opidis
1422 2502 1645 2616 Loblynecz
1677 2514 1719 2588 et
1748 2503 1986 2616 Rozemberq

333 2619 437 2706 alias
475 2619 637 2706 Olesrno
673 2651 769 2706 cum
805 2623 999 2707 omnibus
1021 2633 1064 2705 et
1084 2623 1260 2734 singulis
1282 2624 1539 2733 attinencijs,
1559 2622 1827 2733 pertinencijs
1848 2631 1892 2705 et
1911 2650 1988 2732 ap-

331 2741 496 2852 pendijs
526 2742 734 2826 uniuersis
756 2743 812 2825 ad
832 2743 1045 2827 districtus
1076 2741 1283 2828 fortalicia
1304 2753 1346 2830 ct
1367 2741 1494 2854 opida
1524 2742 1812 2854 spectantibus
1848 2741 1988 2851 predi-

333 2869 416 2968 cta,
440 2862 625 2970 exceptis
658 2861 907 2974 dumptaxat
937 2861 1034 2976 (sic)
1068 2859 1234 2945 duabus
1264 2863 1368 2947 villis
1392 2871 1434 2944 et
1453 2862 1757 2950 hereditatibus
1793 2861 1989 2945 videlicet

332 2978 501 3063 Bernow
523 2989 566 3063 ct
585 2977 796 3084 Kossaia}
809 3006 916 3090 quas
936 3009 1012 3092 pro
1033 3009 1079 3065 se
1101 2991 1144 3064 et
1164 2981 1250 3064 suis
1271 2978 1497 3065 heredibus
1526 2981 1638 3065 idem
1670 2982 1806 3062 dictus
1838 2977 1988 3090 Spitlro

331 3127 428 3184 cum
449 3103 562 3184 omni
582 3101 670 3183 iure
693 3110 737 3184 et
757 3101 942 3186 dominio
969 3103 1221 3204 reseruauit,
1242 3101 1284 3182 in
1305 3100 1413 3183 mille
1444 3101 1596 3184 marcis
1629 3126 1871 3212 grossorum
1891 3127 1988 3211 pra·

327 3221 524 3330 gensium
559 3217 720 3301 numeri
756 3221 947 3304 consueti
982 3219 1186 3330 polonici,
1228 3219 1515 3332 quadraginta
1536 3229 1631 3304 octo
1654 3244 1824 3332 grossos
1845 3246 1989 3302 marca

263 3443 266 3448 Ι
326 3363 404 3446 pro
427 3337 619 3444 qualibet
650 3339 933 3446 computando
966 3340 1219 3448 accepimus,
1248 3336 1371 3423 nobis
1404 3339 1655 3449 obligatorio
1686 3339 1852 3422 nomine
1882 3339 1986 3420 assi·

329 3463 473 3568 gnata,
494 3454 574 3540 sub
596 3455 731 3538 modis
753 3465 797 3537 et
817 3457 1134 3541 condicionibus
1169 3453 1458 3567 infrascriptis.
1492 3454 1618 3558 Quod
1638 3458 1680 3539 in
1700 3457 1868 3539 racione
1890 3479 1986 3565 pre·
2109 3487 2114 3498 ·

330 3573 536 3660 dictorum
569 3573 852 3682 districtuum,
887 3572 1188 3660 fortaliciorum
1210 3583 1253 3657 et
1273 3577 1493 3685 opidorum
1513 3605 1610 3660 cum
1631 3572 1795 3685 prefato
1818 3572 1986 3656 domino

435 3837 473 3986 (ἐ)
496 3835 549 3902 Ex
576 3835 730 3924 originali
756 3833 894 3902 Archivi
911 3833 1018 3922 Regni
1031 3833 1083 3900 ΝΟ.
1097 3835 1171 3913 808,
1198 3825 1458 3931 descripserunt¹
1471 3835 1700 3903 Muczlrowski
1722 3843 1756 3901 et
1775 3835 1845 3901 Leo
1862 3833 1986 3920 Rzysz-

330 3941 436 3988 cneus
461 3942 482 3985 1.
1220 3951 1222 3954 ·

431 4007 551 4074 Omnia
584 4018 762 4072 memorata
776 4005 811 4072 in
825 4005 887 4070 hao
908 4005 1020 4071 tabula
1041 4004 1165 4092 oppida
1187 4015 1222 4074 et
1238 3989 1398 4074 fortalitia
1418 4009 1453 4073 in
1475 3999 1609 4091 antiqua
1631 4005 1749 4074 Silesia
1769 4005 1986 4082 inveniuntun

326 4088 485 4158 Indlinieo
500 4101 534 4157 ot
544 4090 674 4157 Oleszna
687 4092 722 4156 in
735 4091 956 4158 Bornssorum
971 4089 1070 4155 hodie
1085 4099 1161 4156 sunt
1173 4113 1288 4178 regno,
1299 4091 1424 4159 Czeladz'
1437 4115 1518 4158 vero
1534 4101 1568 4159 et
1581 4089 1719 4158 Siaoierz
1731 4091 1766 4156 in
1778 4089 1986 4156 Polonorum.

329 4173 455 4240 Urbem
482 4175 632 4253 Siewiera
659 4177 836 4276 episeopus
863 4175 1091 4244 cracoviensis
1109 4173 1273 4328 Sbigneus
1300 4173 1480 4260 Olesnieki
1511 4190 1644 4244 sanctae
1658 4195 1812 4242 romanae
1827 4173 1986 4240 eeclesiae

329 4258 515 4338 cardinalis,
532 4259 694 4327 Casimiro
709 4261 733 4327 J
736 4259 927 4347 agrellonide
941 4268 1111 4349 regnante,
1138 4285 1158 4327 a
1195 4262 1311 4330 uoibus
1326 4261 1462 4332 Silesiae
1478 4263 1567 4330 emit:
1589 4261 1729 4328 Siaoim
1742 4261 1853 4342 itaque
1867 4267 1901 4324 et
1916 4257 1987 4324 Gze-
2008 4267 2014 4276 “

328 4343 400 4410 ledi
414 4345 449 4410 in
465 4343 679 4412 Cracoviensi
694 4344 771 4411 olim
784 4345 956 4434 provincia
972 4353 1066 4412 erant
1080 4345 1245 4434 hodieque
1260 4347 1295 4412 in
1308 4347 1365 4414 illa
1380 4357 1464 4416 sunt.
1501 4349 1610 4416 Urbes
1631 4347 1852 4412 Borussorum
1865 4364 1985 4409 memo·

329 4437 421 4495 ratae
436 4427 488 4493 his
502 4427 584 4495 locis
600 4430 634 4493 in
649 4429 791 4495 confinio
806 4429 963 4496 Poloniae
977 4431 1191 4498 inveniuntur
1205 4433 1239 4496 in
1253 4433 1424 4518 provincia
1439 4431 1619 4518 Opoliensi.

434 4511 551 4612 Sigilla
561 4521 637 4579 sunt
647 4515 712 4578 tria
722 4514 872 4582 taeniolis
886 4515 1095 4602 pergamenis
1107 4538 1263 4603 appensa.
1279 4513 1424 4583 Primum
1434 4518 1476 4583 de
1485 4537 1562 4583 cera
1574 4538 1596 4579 v
1654 4513 1704 4578 ari
1716 4509 1849 4578 exhibet
1859 4511 1986 4598 insigne

331 4597 467 4672 Silesiae
482 4597 516 4662 rd
530 4606 615 4664 esta
639 4597 736 4664 uilem
750 4620 823 4666 oum
839 4597 900 4665 alis
919 4599 1074 4686 expensis
1089 4609 1124 4666 et
1138 4623 1214 4666 cum
1226 4599 1337 4668 verbis
1352 4601 1386 4668 in
1401 4600 1533 4668 ambitu:
1556 4599 1633 4668 S.P
1668 4595 1885 4666 SEMISLAJ
1903 4597 1985 4666 DU-

331 4681 401 4754 cls
425 4679 590 4752 THESIN
638 4681 744 4750 NSIS·
782 4683 968 4751 Secundum
983 4683 1023 4749 de
1039 4685 1241 4768 ceremiam,
1257 4685 1316 4750 sed
1330 4685 1447 4752 viridis
1469 4683 1604 4768 coloris,
1628 4685 1721 4771 cujus
1739 4679 1840 4749 verba
1851 4683 1984 4771 penitus

328 4767 445 4836 delete.
473 4765 621 4834 Tertium
634 4789 715 4834 vero
741 4767 846 4835 minus
861 4767 902 4834 de
918 4790 994 4836 cera
1014 4767 1111 4836 viridi
1131 4789 1206 4838 oum
1229 4767 1338 4853 aquile
1359 4770 1520 4838 silesiensi
1535 4777 1657 4838 etcum
1674 4767 1786 4836 verbis
1801 4767 1836 4836 in
1849 4769 1986 4837 ambitu:

329 4853 365 4924 S.
382 4851 627 4954 WQLKONIS
652 4851 789 4922 Duols
812 4853 853 4920 D.
869 4851 1054 4926 TESSVN.
