4856 5932
1167 1087 1340 1206 oxon.

681 1343 1171 1430 Potentem-dieb
1200 1279 1455 1429 octobres
1481 1341 1616 1430 1415
1642 1364 1807 1430 anno.

420 1569 730 1658 woyczoona
752 1584 877 1642 amen
890 1566 1003 1645 lintri
1017 1565 1090 1638 dieti
1105 1565 1217 1656 Prtlsl
1230 1565 1307 1640 alula
1320 1564 1530 1640 lehonensis
1549 1509 1753 1642 nobnllmn
1772 1564 1891 1640 unt·
1904 1563 2062 1644 luunt.

997 1665 1087 1742 rouo
1101 1668 1183 1744 tiolo
1198 1666 1303 1742 Sedit
1316 1666 1423 1742 rendit
1438 1671 1489 1751 (¹).

522 1880 574 1966 In
592 1881 759 1966 nomine
782 1877 936 1963 domini
957 1878 1104 1962 Amen.
1153 1875 1365 1978 Quoniam
1386 1875 1573 1960 humana
1594 1876 1798 1988 fragilitas
1812 1904 1898 1960 non
1914 1873 2072 1959 suffieit

423 2000 561 2090 omnia
580 2001 818 2084 memoriter
837 2001 1027 2101 retinere,
1051 2007 1093 2079 et
1107 2000 1255 2083 merito
1276 2022 1450 2078 neeesse
1472 2011 1547 2100 est,
1576 2006 1715 2103 ntea,
1753 2023 1836 2108 que
1857 1995 1913 2079 ab
1935 1997 2072 2080 bomi-

422 2121 546 2206 nibus
567 2119 752 2202 notanda
774 2125 988 2228 geruntur,
1011 2116 1260 2226 capitalibus
1289 2115 1501 2198 literarum
1534 2117 1845 2201 confirmantur.
1888 2113 2070 2199 Proinde

421 2241 511 2326 Nos
532 2235 752 2322 ‹lohannes
775 2236 826 2316 de
849 2234 1015 2348 Sprowu
1037 2235 1297 2348 Capilaneus
1321 2233 1671 2320 Sandomiriensis
1699 2263 1880 2318 necnon
1903 2233 2070 2330 Marcus

421 2356 761 2443 Viceaduoeatus
802 2355 1100 2439 Polanecensis
1137 2384 1223 2438 una
1258 2382 1355 2438 cum
1393 2353 1650 2440 Consulibus
1686 2353 1868 2441 Miklone
1899 2353 1996 2468 (sic)
2028 2364 2071 2438 et

423 2475 680 2585 Onampislra
700 2473 877 2559 Nicolao
899 2473 952 2556 de
971 2473 1140 2578 ibidem,
1176 2502 1254 2557 neo
1286 2501 1371 2558 non
1403 2469 1597 2558 Scabinis
1633 2473 1870 2559 Laurencio
1904 2473 2070 2579 kolano,

423 2595 792 2708 paulopaduroza,
823 2591 1037 2677 Bartoons
1058 2593 1315 2704 pyaczkone,
1343 2590 1556 2677 Stanislao
1594 2591 1824 2694 dzadeone,
1859 2591 2072 2706 Bogussio

425 2709 743 2816 Obarzancone,
765 2709 1002 2797 Venceslao
1025 2711 1278 2817 Smotanicz,
1300 2721 1344 2794 et
1364 2711 1535 2794 Andrea
1558 2709 1785 2796 Swarnone
1801 2711 2074 2798 Polanecieu-

186 2869 190 2872 ·
326 2885 328 2890 ·
425 2835 544 2940 sium,
577 2835 867 2915 uniuersorum
887 2841 973 2915 tam
994 2832 1260 2940 presencium
1283 2857 1412 2940 quam
1431 2829 1665 2914 futurorum
1687 2834 1841 2916 notieie
1862 2839 2074 2943 protesta-

424 2981 530 3039 mur.
562 2947 785 3052 Quomodo
805 2951 979 3034 veniens
1001 2951 1057 3034 ad
1077 2961 1262 3034 nostram
1284 2951 1546 3058 presenciam
1568 2950 1749 3034 honesta
1769 2951 1920 3034 mulier
1941 2949 2074 3062 Woij-

426 3071 584 3156 azecha
603 3096 774 3154 consors
797 3067 962 3171 Nicolai
984 3070 1085 3154 dicti
1105 3069 1276 3179 Pijthel,
1313 3071 1499 3152 conuiuis
1519 3069 1841 3172 Polanecensis,
1870 3099 2073 3154 unacum

424 3191 564 3304 pueris
597 3189 729 3299 ipsius
749 3187 835 3270 filie
856 3187 979 3272 Anne
1000 3189 1233 3300 vulgariter
1253 3217 1298 3272 se
1319 3185 1555 3298 roarcczatlnj
1584 3189 1810 3272 heredibus
1846 3188 2074 3274 molendini

425 3309 719 3426 polaneocnsis
741 3307 901 3390 seilicet
935 3307 1122 3406 Nicoma,
1153 3305 1324 3412 Mathia,
1358 3306 1576 3393 Clemente
1608 3305 1789 3412 Jacobo,
1817 3307 2074 3420 Margareta,

428 3429 555 3518 Soror
575 3425 686 3544 (sie),
707 3424 905 3510 Johanne
928 3437 970 3510 et
991 3425 1214 3531 Stanislao,
1246 3439 1289 3511 et
1317 3426 1460 3511 Amite
1490 3453 1635 3510 eorum
1669 3427 1867 3512 videlicet
1888 3428 2072 3530 Pechna,

427 3559 470 3634 et
490 3546 614 3632 Anna
636 3548 687 3630 de
717 3540 833 3626 Wola
864 3543 978 3628 dicta
1002 3543 1148 3658 plislru,
1186 3548 1278 3630 sani
1308 3556 1448 3629 mente
1479 3547 1603 3630 simul
1635 3555 1688 3634 et.
1708 3575 1896 3658 corpore,
1933 3575 2075 3632 coram

428 3667 549 3755 nobis
571 3694 621 3749 aa
644 3663 927 3750 assessoribus
947 3667 1099 3750 nostris
1115 3667 1158 3748 in
1174 3664 1345 3750 Judicio
1362 3665 2077 3777 Bannitomanifesterecongnouc·

428 3795 526 3873 runt
534 3781 630 3898 (sio)
644 3811 735 3872 ¹non
752 3784 969 3891 compulsi,
986 3815 1064 3869 nec
1075 3788 1223 3889 eoacti,
1233 3785 1309 3868 sed
1325 3773 1463 3868 animo
1474 3783 1715 3882 deliberato,
1725 3788 1841 3869 iuxta
1857 3786 2076 3869 consilium

429 3931 598 3991 suorum
620 3902 847 3985 amicorum
870 3905 1150 3988 molendinum
1173 3906 1299 3988 situm
1319 3905 1362 3986 in
1382 3901 1595 4007 Polunecz,
1627 3904 1752 3989 Petro
1775 3905 1887 3989 dicto
1919 3902 2077 4006 sedlik,

429 4026 602 4135 suisque
624 4019 938 4103 suecessoribus
958 4021 1175 4133 legitimis,
1197 4051 1272 4132 pro
1294 4032 1464 4104 centum
1486 4023 1637 4108 marcis
1661 4035 1703 4106 et
1724 4023 1945 4108 duodecim
1968 4051 2079 4106 mer-

431 4145 492 4228 ois
527 4141 762 4225 mediorum
797 4163 1038 4246 grossorum
1075 4140 1366 4243 vendiderunt,
1404 4168 1455 4222 ac
1474 4141 1555 4224 rite
1572 4169 1622 4223 ac
1643 4142 1954 4228 racionabiliter
1973 4142 2079 4225 resi-

371 4271 373 4276 ’
432 4267 684 4377 gnauerunt,
705 4255 865 4338 scilicet
884 4284 980 4340 cum
1001 4259 1143 4366 pratis,
1164 4261 1290 4370 agris,
1312 4269 1416 4361 orte,
1439 4270 1593 4342 etcum
1619 4264 1731 4346 omni
1753 4261 1858 4344 dure
1882 4272 1923 4344 et
1945 4261 2079 4346 dorni·

430 4383 511 4480 nio,
533 4390 659 4492 prout
687 4375 765 4461 soli
786 4374 840 4457 ab
863 4377 1036 4488 antiquo
1075 4386 1309 4461 tenuerunt.
1357 4377 1557 4464 Ceterum
1592 4379 1732 4464 nullus
1764 4381 1922 4465 audeat
1962 4380 2076 4466 aliud

431 4499 715 4586 molendinum
736 4497 778 4580 in
796 4496 916 4580 metis
938 4524 1015 4580 seu
1036 4495 1233 4609 granicijs
1254 4496 1605 4608 polanecensibus
1641 4499 1838 4586 edificare
1854 4549 1857 4556 ·
1876 4528 1954 4585 ssu
1974 4526 2076 4584 con·

538 4733 577 4814 (¹)
599 4731 826 4800 Muczlrowslri
841 4730 1017 4818 descripsit
1031 4754 1071 4796 ex
1086 4729 1199 4797 tabula
1223 4729 1412 4798 authentica
1436 4741 1634 4819 pergamena
1658 4731 1800 4823 Josephi
1822 4733 1986 4804 Rusisec-ii
2000 4755 2079 4822 pro·

434 4815 519 4908 pris.
541 4817 618 4882 Duo
630 4815 739 4902 sigilla
754 4817 832 4883 olim
846 4832 950 4898 erant,
971 4815 1069 4884 bodie
1086 4815 1214 4883 desunt.
1254 4903 1259 4916 ι
