4856 5932
1094 639 1268 720 -Μ
1320 681 1369 698 -

403 857 446 932 et
468 845 638 955 dominij
674 843 859 952 penittus
897 842 994 957 (εἰσ)
1029 845 1303 948 renascendo,
1340 843 1567 958 magnifico
1600 844 1766 932 domino
1802 844 1962 932 Mathis
1999 844 2053 930 de
2190 843 2199 858 “

401 963 608 1084 Bijclutoij
628 961 859 1048 castellano
881 961 1142 1046 braezinensi
1163 992 1239 1074 pro
1260 966 1447 1050 tricentis
1468 965 1619 1048 marcis
1651 964 1833 1050 melioris
1854 963 2052 1056 monethe

400 1099 500 1204 post
521 1085 619 1201 (εἰσ)
641 1110 813 1196 grossos
833 1081 1077 1193 polonicalis
1100 1081 1196 1196 (εἰσ)
1221 1093 1264 1168 et
1284 1085 1446 1168 numeri
1467 1085 1659 1170 consueti
1681 1083 1880 1186 eiusdem,
1901 1083 2051 1168 videli-

403 1220 471 1296 cet
492 1203 779 1319 quadraginta
808 1209 904 1286 octo
926 1226 1096 1313 grossos
1127 1203 1170 1284 in
1202 1203 1434 1312 quamlibet
1467 1231 1654 1288 marcam
1689 1202 1975 1313 computando
2011 1209 2054 1286 ct

403 1357 479 1442 pro
497 1335 607 1436 equo
626 1327 672 1410 in
692 1321 838 1408 valore
860 1322 1008 1431 viginti
1029 1347 1277 1428 marcarum,
1299 1351 1394 1406 cum
1415 1325 1498 1410 hoc
1519 1323 1680 1408 ecciam
1696 1321 1794 1436 (εἰσ)
1811 1349 1886 1432 pro
1908 1324 2053 1405 stami-

402 1479 456 1536 ne
476 1445 607 1560 panni
626 1441 907 1527 Machelensis
928 1441 1008 1550 ipsi
1031 1438 1198 1525 dominc
1220 1439 1378 1528 Mathia
1402 1453 1445 1526 et
1463 1445 1593 1553 ipsius
1614 1444 1800 1554 legitime
1815 1441 2055 1552 posteritati

403 1572 500 1654 ritte
523 1577 565 1650 et
583 1561 851 1647 laudabiliter
872 1587 922 1642 ac
946 1561 1142 1642 ewiterne
1162 1562 1409 1672 resignavit.
1441 1563 1627 1676 Ipsaque
1645 1563 1739 1648 villa
1754 1589 1829 1672 per
1844 1557 2055 1670 prefatum

403 1688 617 1774 dominum
652 1679 857 1766 Mathiam
879 1687 921 1762 ct
943 1679 1029 1764 eius
1049 1678 1203 1763 liberos
1241 1681 1297 1764 sit
1326 1683 1525 1790 tenenda,
1561 1681 1774 1784 habenda,
1816 1679 2053 1783 vendenda,
2127 1761 2130 1766 ,
2250 1735 2254 1745 -

404 1803 671 1905 comutanda,
693 1799 846 1904 danda,
868 1799 1065 1884 donanda
1094 1809 1136 1880 at
1157 1797 1211 1884 ad
1231 1827 1334 1884 usus
1371 1801 1585 1889 beniuolcs
1623 1799 1720 1915 (εἰσ)
1757 1797 2055 1903 conuertenda,

403 1935 531 2040 prout
552 1921 696 2006 sibiet
716 1922 802 2002 suis
824 1916 1140 2002 successoribus
1176 1919 1376 2030 legitimis
1418 1922 1565 2006 melius
1603 1935 1646 2004 et
1680 1920 1819 2005 utilius
1840 1917 2056 2004 videbitur

405 2044 613 2155 expedire,
634 2041 696 2124 uti
715 2037 893 2122 fruenda
913 2036 1091 2148 pacifice
1114 2046 1157 2121 et
1178 2039 1333 2146 quiete.
1365 2040 1423 2134 Et
1436 2041 1625 2150 prefatus
1647 2039 1841 2126 Andreas
1871 2037 2053 2120 eundem

406 2165 619 2250 dominum
649 2159 853 2244 Mathiam
890 2155 1019 2240 debet
1040 2166 1082 2238 et
1102 2167 1267 2242 tenetur
1292 2186 1367 2267 pro
1391 2159 1505 2246 dicta
1526 2157 1762 2244 hereditate
1789 2156 2052 2240 intercedere

408 2295 452 2368 et
469 2283 577 2366 tueri
598 2307 623 2362 a
646 2277 835 2388 qualibet
854 2277 1015 2360 viventi
1035 2305 1216 2385 persona
1236 2281 1354 2360 iuxta
1373 2277 1472 2363 iuris
1494 2279 1670 2364 formam
1691 2278 1746 2362 ad
1766 2276 1937 2362 totalem
1960 2302 2056 2386 pre·

406 2399 696 2511 scripsissem.
727 2396 905 2500 Harum,
928 2395 1082 2503 quibus
1103 2398 1146 2478 in
1166 2398 1451 2482 testimonium
1473 2399 1610 2512 sigilla
1629 2408 1774 2482 nostra
1789 2393 2057 2509 presentibus

407 2533 507 2604 sunt
528 2544 728 2630 appensa.
761 2516 920 2599 Datum
942 2515 984 2595 in
1007 2513 1221 2626 Oppatltcw
1243 2514 1348 2598 feria
1367 2527 1488 2602 sexta
1508 2526 1607 2627 post
1626 2517 1779 2602 festum
1801 2524 1949 2598 sancte
1967 2513 2059 2598 Lu-

407 2641 471 2724 cie
493 2637 680 2748 virginis,
702 2663 811 2719 anno
834 2633 988 2745 dominj
1010 2634 1226 2718 millesimo
1249 2633 1664 2749 quadringentesimo
1686 2636 1910 2720 tricesimo.
1957 2631 2059 2716 Pre-

407 2755 598 2843 sentibus
618 2757 699 2866 hijs
721 2754 897 2839 dominis
919 2751 1120 2838 Johanna
1135 2753 1189 2836 de
1213 2753 1377 2858 Ostroeo,
1407 2756 1621 2844 Dobcslao
1644 2757 1696 2840 de
1717 2751 1904 2858 Zolclcze,
1934 2751 2060 2836 Petro

409 2881 461 2964 de
483 2875 814 2980 Wesmunthow,
833 2873 1009 2959 Nicolao
1031 2873 1085 2956 de
1103 2873 1314 2979 Paneiou,
1336 2873 1367 2959 J
1368 2875 1535 2960 ohanne
1558 2877 1610 2960 de
1634 2873 1873 2988 Podprodze,
1893 2868 2061 2957 Jacobs

410 2992 675 3112 deWissokc
694 2991 793 3108 (εἰσ)
814 2993 993 3078 testibus
1016 2993 1070 3076 ad
1089 2993 1306 3102 premissa,
1329 3023 1379 3078 aa
1396 2994 1490 3105 alijs
1511 2995 1596 3080 fide
1614 2994 1766 3105 dignis.
1802 2991 1972 3104 Scripta
1985 3017 2061 3104 per

408 3145 580 3204 manum
603 3113 803 3200 Stanislai
824 3113 876 3196 de
899 3111 1164 3196 Jonicowicze
1186 3120 1290 3198 tunc
1311 3117 1513 3226 temporis
1534 3113 1699 3223 notarij.

1172 3573 1307 3689 toll.

603 3826 1000 3912 Palalce-dic
1024 3827 1062 3912 3
1086 3827 1283 3912 merula
1306 3829 1513 3932 Amulio
1538 3825 1678 3916 14³1
1702 3846 1869 3912 anno.

412 4051 684 4128 Bolanum
706 4047 771 4120 (lux
791 4045 959 4140 boetium
979 4049 1011 4122 in
1032 4050 1153 4172 tituta,
1174 4047 1462 4239 tamugade·
1482 4050 1570 4126 rana
1589 4049 1747 4142 pituitam
1765 4048 1799 4122 ln
1812 4050 1896 4122 tem
1908 4063 1966 4121 ru
1980 4046 2063 4116 Pie·-

1098 4178 1191 4222 cmlsst
1231 4171 1290 4228 lm
1366 4201 1372 4215 .

516 4365 568 4449 In
589 4365 755 4449 nomine
779 4361 934 4448 Sancte
959 4369 1002 4445 et
1018 4362 1244 4447 Indiuidua
1277 4361 1497 4448 Trinitatis
1531 4335 1683 4447 brnen.
1730 4333 1977 4446 NosBolko
1999 4358 2066 4443 dei

415 4484 559 4600 gracia
580 4485 666 4568 dux
689 4480 823 4567 Slesie
859 4480 982 4566 heres
1005 4483 1058 4568 de
1080 4477 1183 4592 Opol
1200 4511 1286 4568 vna
1305 4493 1451 4569 nostra
1479 4511 1576 4568 cum
1607 4489 1802 4568 consorte
1837 4476 2079 4564 Elizabeth·

519 4721 560 4802 (¹)
579 4717 632 4785 Ex
652 4716 763 4783 tabula
778 4715 1026 4784 membranacea
1040 4713 1281 4798 Staniatcensis
1302 4716 1492 4786 monasterii
1515 4716 1652 4802 propria
1677 4714 1855 4802 descripsit
1882 4714 2067 4791 Slawirlski.

415 4803 566 4894 Sigillum
582 4801 785 4872 desideratur
801 4811 833 4868 et
847 4802 970 4868 utillum
984 4801 1054 4887 ejus
1070 4801 1255 4888 vestigium.

1803 4900 1864 4966 5¹*
1933 4927 1939 4942 .
