<?xml version="1.0" encoding="UTF-8"?>
<!DOCTYPE html PUBLIC "-//W3C//DTD XHTML 1.0 Transitional//EN"
    "http://www.w3.org/TR/xhtml1/DTD/xhtml1-transitional.dtd">
<html xmlns="http://www.w3.org/1999/xhtml" xml:lang="en" lang="en">
 <head>
  <title>
</title>
<meta http-equiv="Content-Type" content="text/html;charset=utf-8" />
  <meta name='ocr-system' content='tesseract 3.04.00' />
  <meta name='ocr-capabilities' content='ocr_page ocr_carea ocr_par ocr_line ocrx_word'/>
</head>
<body>
  <div class='ocr_page' id='page_1' title='image "./codexdiplomatic00bartgoog_0459.png"; bbox 0 0 4856 5932; ppageno 0'>
   <div class='ocr_carea' id='block_1_1' title="bbox 1033 737 1307 818">
    <p class='ocr_par' dir='ltr' id='par_1_1' title="bbox 1033 737 1307 818">
     <span class='ocr_line' id='line_1_1' title="bbox 1033 737 1307 818; baseline -0.007 -18"><span class='ocrx_word' id='word_1_1' title='bbox 1033 737 1204 818; x_wconf 72' lang='lat'><strong>-&#39;425</strong></span> <span class='ocrx_word' id='word_1_2' title='bbox 1255 783 1307 798; x_wconf 89' lang='lat'>..</span> 
     </span>
    </p>
   </div>
   <div class='ocr_carea' id='block_1_2' title="bbox 347 943 2004 2822">
    <p class='ocr_par' dir='ltr' id='par_1_2' title="bbox 347 943 2004 2822">
     <span class='ocr_line' id='line_1_2' title="bbox 350 943 1999 1059; baseline 0.001 -29"><span class='ocrx_word' id='word_1_3' title='bbox 350 945 605 1058; x_wconf 87' lang='lat' dir='ltr'>dempnauit.</span> <span class='ocrx_word' id='word_1_4' title='bbox 639 945 832 1030; x_wconf 80' lang='lat' dir='ltr'>Tandem</span> <span class='ocrx_word' id='word_1_5' title='bbox 852 943 954 1029; x_wconf 84' lang='lat' dir='ltr'>feria</span> <span class='ocrx_word' id='word_1_6' title='bbox 975 957 1129 1059; x_wconf 89' lang='lat' dir='ltr'>quarta</span> <span class='ocrx_word' id='word_1_7' title='bbox 1142 955 1247 1030; x_wconf 84' lang='lat' dir='ltr'>&#39;ante</span> <span class='ocrx_word' id='word_1_8' title='bbox 1263 947 1414 1030; x_wconf 86' lang='lat' dir='ltr'>festum</span> <span class='ocrx_word' id='word_1_9' title='bbox 1430 945 1874 1031; x_wconf 80' lang='lat' dir='ltr'>Exultacionissancte</span> <span class='ocrx_word' id='word_1_10' title='bbox 1887 947 1999 1034; x_wconf 79' lang='lat' dir='ltr'>Gru--</span> 
     </span>
     <span class='ocr_line' id='line_1_3' title="bbox 349 1063 1994 1178; baseline 0 -28"><span class='ocrx_word' id='word_1_11' title='bbox 349 1068 409 1150; x_wconf 88' lang='lat' dir='ltr'>cis</span> <span class='ocrx_word' id='word_1_12' title='bbox 431 1093 542 1152; x_wconf 91' lang='lat' dir='ltr'>anno</span> <span class='ocrx_word' id='word_1_13' title='bbox 565 1065 724 1167; x_wconf 83' lang='lat' dir='ltr'>eodem,</span> <span class='ocrx_word' id='word_1_14' title='bbox 744 1063 931 1174; x_wconf 85' lang='lat' dir='ltr'>prefatus</span> <span class='ocrx_word' id='word_1_15' title='bbox 955 1067 1145 1150; x_wconf 88' lang='lat' dir='ltr'>dominus</span> <span class='ocrx_word' id='word_1_16' title='bbox 1169 1066 1433 1154; x_wconf 85' lang='lat' dir='ltr'>Castellanus</span> <span class='ocrx_word' id='word_1_17' title='bbox 1456 1067 1612 1150; x_wconf 86' lang='lat' dir='ltr'>dicbun</span> <span class='ocrx_word' id='word_1_18' title='bbox 1645 1066 1856 1150; x_wconf 90' lang='lat' dir='ltr'>dominum</span> <span class='ocrx_word' id='word_1_19' title='bbox 1878 1065 1994 1178; x_wconf 85' lang='lat' dir='ltr'>Zup-</span> 
     </span>
     <span class='ocr_line' id='line_1_4' title="bbox 347 1183 1994 1298; baseline 0.001 -29"><span class='ocrx_word' id='word_1_20' title='bbox 347 1187 510 1296; x_wconf 86' lang='lat' dir='ltr'>parium</span> <span class='ocrx_word' id='word_1_21' title='bbox 531 1183 573 1266; x_wconf 90' lang='lat' dir='ltr'>in</span> <span class='ocrx_word' id='word_1_22' title='bbox 594 1187 771 1268; x_wconf 89' lang='lat' dir='ltr'>termino</span> <span class='ocrx_word' id='word_1_23' title='bbox 794 1187 1022 1269; x_wconf 88' lang='lat' dir='ltr'>concittato</span> <span class='ocrx_word' id='word_1_24' title='bbox 1044 1188 1100 1269; x_wconf 89' lang='lat' dir='ltr'>ad</span> <span class='ocrx_word' id='word_1_25' title='bbox 1122 1186 1451 1270; x_wconf 84' lang='lat' dir='ltr'>satisfacendum</span> <span class='ocrx_word' id='word_1_26' title='bbox 1486 1195 1533 1268; x_wconf 90' lang='lat' dir='ltr'>et&#39;</span> <span class='ocrx_word' id='word_1_27' title='bbox 1564 1187 1607 1267; x_wconf 91' lang='lat' dir='ltr'>in</span> <span class='ocrx_word' id='word_1_28' title='bbox 1646 1186 1821 1269; x_wconf 90' lang='lat' dir='ltr'>termino</span> <span class='ocrx_word' id='word_1_29' title='bbox 1843 1188 1884 1268; x_wconf 90' lang='lat' dir='ltr'>in</span> <span class='ocrx_word' id='word_1_30' title='bbox 1908 1214 1994 1298; x_wconf 93' lang='lat' dir='ltr'>quo</span> 
     </span>
     <span class='ocr_line' id='line_1_5' title="bbox 350 1302 1996 1416; baseline -0.002 -28"><span class='ocrx_word' id='word_1_31' title='bbox 350 1306 493 1388; x_wconf 88' lang='lat' dir='ltr'>audire</span> <span class='ocrx_word' id='word_1_32' title='bbox 517 1302 664 1386; x_wconf 84' lang='lat' dir='ltr'><strong>debuit</strong></span> <span class='ocrx_word' id='word_1_33' title='bbox 682 1307 916 1387; x_wconf 89' lang='lat' dir='ltr'>iuramenta</span> <span class='ocrx_word' id='word_1_34' title='bbox 937 1331 1062 1412; x_wconf 87' lang='lat' dir='ltr'>super</span> <span class='ocrx_word' id='word_1_35' title='bbox 1084 1307 1269 1414; x_wconf 86' lang='lat' dir='ltr'>dampna</span> <span class='ocrx_word' id='word_1_36' title='bbox 1303 1331 1378 1416; x_wconf 93' lang='lat' dir='ltr'>pro</span> <span class='ocrx_word' id='word_1_37' title='bbox 1410 1304 1489 1414; x_wconf 85' lang='lat' dir='ltr'>hijs</span> <span class='ocrx_word' id='word_1_38' title='bbox 1525 1308 1566 1387; x_wconf 92' lang='lat' dir='ltr'>in</span> <span class='ocrx_word' id='word_1_39' title='bbox 1604 1305 1760 1414; x_wconf 87' lang='lat' dir='ltr'>quibus</span> <span class='ocrx_word' id='word_1_40' title='bbox 1795 1305 1933 1414; x_wconf 84' lang='lat' dir='ltr'>ipsum</span> <span class='ocrx_word' id='word_1_41' title='bbox 1952 1305 1996 1385; x_wconf 92' lang='lat' dir='ltr'>in</span> 
     </span>
     <span class='ocr_line' id='line_1_6' title="bbox 347 1421 1992 1533; baseline -0.001 -26"><span class='ocrx_word' id='word_1_42' title='bbox 347 1423 521 1507; x_wconf 87' lang='lat' dir='ltr'>termino</span> <span class='ocrx_word' id='word_1_43' title='bbox 542 1423 793 1532; x_wconf 80' lang='lat' dir='ltr'>peremtoria</span> <span class='ocrx_word' id='word_1_44' title='bbox 817 1421 1204 1530; x_wconf 88' lang='lat' dir='ltr'>condempnauerat</span> <span class='ocrx_word' id='word_1_45' title='bbox 1224 1425 1397 1507; x_wconf 88' lang='lat' dir='ltr'>iuridice</span> <span class='ocrx_word' id='word_1_46' title='bbox 1416 1421 1755 1533; x_wconf 84' lang='lat' dir='ltr'>condempnauit.</span> <span class='ocrx_word' id='word_1_47' title='bbox 1789 1424 1870 1509; x_wconf 82' lang='lat' dir='ltr'>Oui</span> <span class='ocrx_word' id='word_1_48' title='bbox 1890 1433 1992 1507; x_wconf 90' lang='lat' dir='ltr'>tunc</span> 
     </span>
     <span class='ocr_line' id='line_1_7' title="bbox 351 1539 1997 1654; baseline 0.004 -28"><span class='ocrx_word' id='word_1_49' title='bbox 351 1543 516 1627; x_wconf 91' lang='lat' dir='ltr'>domino</span> <span class='ocrx_word' id='word_1_50' title='bbox 540 1541 779 1627; x_wconf 79' lang='lat' dir='ltr'>Castellano</span> <span class='ocrx_word' id='word_1_51' title='bbox 802 1539 948 1627; x_wconf 80' lang='lat' dir='ltr'>Saitho</span> <span class='ocrx_word' id='word_1_52' title='bbox 970 1541 1254 1626; x_wconf 86' lang='lat' dir='ltr'>Ministerialis.</span> <span class='ocrx_word' id='word_1_53' title='bbox 1273 1545 1395 1626; x_wconf 81' lang='lat' dir='ltr'>datus</span> <span class='ocrx_word' id='word_1_54' title='bbox 1433 1541 1511 1624; x_wconf 85' lang='lat' dir='ltr'>fuit</span> <span class='ocrx_word' id='word_1_55' title='bbox 1549 1545 1599 1626; x_wconf 91' lang='lat' dir='ltr'>de</span> <span class='ocrx_word' id='word_1_56' title='bbox 1621 1541 1727 1625; x_wconf 73' lang='lat' dir='ltr'>dure</span> <span class='ocrx_word' id='word_1_57' title='bbox 1755 1571 1830 1654; x_wconf 93' lang='lat' dir='ltr'>pro</span> <span class='ocrx_word' id='word_1_58' title='bbox 1850 1545 1997 1654; x_wconf 82' lang='lat' dir='ltr'>prima,</span> 
     </span>
     <span class='ocr_line' id='line_1_8' title="bbox 350 1657 1996 1776; baseline -0.001 -30"><span class='ocrx_word' id='word_1_59' title='bbox 350 1661 539 1746; x_wconf 78' lang='lat' dir='ltr'>secunda</span> <span class='ocrx_word' id='word_1_60' title='bbox 561 1673 603 1743; x_wconf 90' lang='lat' dir='ltr'>et</span> <span class='ocrx_word' id='word_1_61' title='bbox 622 1665 755 1776; x_wconf 82' lang='lat' dir='ltr'>tercia</span> <span class='ocrx_word' id='word_1_62' title='bbox 775 1661 937 1744; x_wconf 88' lang='lat' dir='ltr'>vicibus</span> <span class='ocrx_word' id='word_1_63' title='bbox 959 1663 1198 1745; x_wconf 88' lang='lat' dir='ltr'>successiue</span> <span class='ocrx_word' id='word_1_64' title='bbox 1229 1661 1284 1744; x_wconf 87' lang='lat' dir='ltr'>ad</span> <span class='ocrx_word' id='word_1_65' title='bbox 1305 1661 1617 1773; x_wconf 82' lang='lat' dir='ltr'>pignorandum</span> <span class='ocrx_word' id='word_1_66' title='bbox 1647 1659 1824 1744; x_wconf 89' lang='lat' dir='ltr'>eundem</span> <span class='ocrx_word' id='word_1_67' title='bbox 1865 1657 1996 1746; x_wconf 89' lang='lat' dir='ltr'>domi-</span> 
     </span>
     <span class='ocr_line' id='line_1_9' title="bbox 350 1776 1998 1894; baseline -0.002 -30"><span class='ocrx_word' id='word_1_68' title='bbox 350 1809 449 1866; x_wconf 89' lang='lat' dir='ltr'>num</span> <span class='ocrx_word' id='word_1_69' title='bbox 472 1779 744 1891; x_wconf 86' lang='lat' dir='ltr'>Zupparium.</span> <span class='ocrx_word' id='word_1_70' title='bbox 776 1776 859 1879; x_wconf 81' lang='lat' dir='ltr'>Qui</span> <span class='ocrx_word' id='word_1_71' title='bbox 879 1809 955 1892; x_wconf 88' lang='lat' dir='ltr'>pro</span> <span class='ocrx_word' id='word_1_72' title='bbox 976 1783 1110 1890; x_wconf 90' lang='lat' dir='ltr'>prima</span> <span class='ocrx_word' id='word_1_73' title='bbox 1130 1783 1222 1864; x_wconf 88' lang='lat' dir='ltr'>vice</span> <span class='ocrx_word' id='word_1_74' title='bbox 1245 1782 1362 1864; x_wconf 86' lang='lat' dir='ltr'>dedit</span> <span class='ocrx_word' id='word_1_75' title='bbox 1383 1791 1565 1888; x_wconf 89' lang='lat' dir='ltr'>quatuor</span> <span class='ocrx_word' id='word_1_76' title='bbox 1593 1809 1727 1890; x_wconf 86' lang='lat' dir='ltr'>equos</span> <span class='ocrx_word' id='word_1_77' title='bbox 1747 1783 1788 1864; x_wconf 92' lang='lat' dir='ltr'>in</span> <span class='ocrx_word' id='word_1_78' title='bbox 1807 1783 1998 1894; x_wconf 85' lang='lat' dir='ltr'>pignore.</span> 
     </span>
     <span class='ocr_line' id='line_1_10' title="bbox 348 1897 1997 2012; baseline 0.001 -28"><span class='ocrx_word' id='word_1_79' title='bbox 348 1899 430 1984; x_wconf 87' lang='lat' dir='ltr'>Pro</span> <span class='ocrx_word' id='word_1_80' title='bbox 452 1901 639 1982; x_wconf 88' lang='lat' dir='ltr'>secunda</span> <span class='ocrx_word' id='word_1_81' title='bbox 658 1927 758 1985; x_wconf 91' lang='lat' dir='ltr'>vero</span> <span class='ocrx_word' id='word_1_82' title='bbox 781 1911 823 1982; x_wconf 88' lang='lat' dir='ltr'>et</span> <span class='ocrx_word' id='word_1_83' title='bbox 843 1901 973 1982; x_wconf 87' lang='lat' dir='ltr'>tercia</span> <span class='ocrx_word' id='word_1_84' title='bbox 995 1901 1158 1986; x_wconf 90' lang='lat' dir='ltr'>vicibus</span> <span class='ocrx_word' id='word_1_85' title='bbox 1179 1897 1460 1984; x_wconf 86' lang='lat' dir='ltr'>Ministerialis</span> <span class='ocrx_word' id='word_1_86' title='bbox 1490 1903 1670 2012; x_wconf 81' lang='lat' dir='ltr'>pignora</span> <span class='ocrx_word' id='word_1_87' title='bbox 1705 1927 1790 1984; x_wconf 92' lang='lat' dir='ltr'>non</span> <span class='ocrx_word' id='word_1_88' title='bbox 1824 1903 1997 2000; x_wconf 87' lang='lat' dir='ltr'>invenit,</span> 
     </span>
     <span class='ocr_line' id='line_1_11' title="bbox 351 2015 1996 2132; baseline 0.001 -30"><span class='ocrx_word' id='word_1_89' title='bbox 351 2019 466 2132; x_wconf 91' lang='lat' dir='ltr'>quod</span> <span class='ocrx_word' id='word_1_90' title='bbox 487 2029 530 2100; x_wconf 92' lang='lat' dir='ltr'>et</span> <span class='ocrx_word' id='word_1_91' title='bbox 551 2046 693 2104; x_wconf 89' lang='lat' dir='ltr'>coram</span> <span class='ocrx_word' id='word_1_92' title='bbox 714 2015 743 2102; x_wconf 77' lang='lat' dir='ltr'>J</span> <span class='ocrx_word' id='word_1_93' title='bbox 747 2019 884 2102; x_wconf 91' lang='lat' dir='ltr'>udicio</span> <span class='ocrx_word' id='word_1_94' title='bbox 905 2021 1166 2130; x_wconf 78' lang='lat' dir='ltr'>recognovit.</span> <span class='ocrx_word' id='word_1_95' title='bbox 1199 2020 1382 2104; x_wconf 86' lang='lat' dir='ltr'>Demum</span> <span class='ocrx_word' id='word_1_96' title='bbox 1398 2019 1499 2102; x_wconf 86' lang='lat' dir='ltr'>feria</span> <span class='ocrx_word' id='word_1_97' title='bbox 1515 2021 1705 2104; x_wconf 83' lang='lat' dir='ltr'>secunda</span> <span class='ocrx_word' id='word_1_98' title='bbox 1725 2031 1823 2128; x_wconf 85' lang='lat' dir='ltr'>post</span> <span class='ocrx_word' id='word_1_99' title='bbox 1843 2019 1996 2104; x_wconf 87' lang='lat' dir='ltr'>festum</span> 
     </span>
     <span class='ocr_line' id='line_1_12' title="bbox 350 2137 2000 2253; baseline -0.001 -30"><span class='ocrx_word' id='word_1_100' title='bbox 350 2139 535 2224; x_wconf 92' lang='lat' dir='ltr'>omnium</span> <span class='ocrx_word' id='word_1_101' title='bbox 571 2152 809 2222; x_wconf 88' lang='lat' dir='ltr'>sanctorum</span> <span class='ocrx_word' id='word_1_102' title='bbox 852 2167 962 2223; x_wconf 92' lang='lat' dir='ltr'>anno</span> <span class='ocrx_word' id='word_1_103' title='bbox 1000 2166 1084 2248; x_wconf 92' lang='lat' dir='ltr'>quo</span> <span class='ocrx_word' id='word_1_104' title='bbox 1122 2166 1250 2248; x_wconf 89' lang='lat' dir='ltr'>supra</span> <span class='ocrx_word' id='word_1_105' title='bbox 1285 2139 1524 2224; x_wconf 86' lang='lat' dir='ltr'>immediate</span> <span class='ocrx_word' id='word_1_106' title='bbox 1547 2137 1644 2253; x_wconf 85' lang='lat' dir='ltr'>(sic)</span> <span class='ocrx_word' id='word_1_107' title='bbox 1666 2137 1856 2250; x_wconf 87' lang='lat' dir='ltr'>prefatus</span> <span class='ocrx_word' id='word_1_108' title='bbox 1878 2137 2000 2223; x_wconf 90' lang='lat' dir='ltr'>Mini-</span> 
     </span>
     <span class='ocr_line' id='line_1_13' title="bbox 350 2253 2002 2367; baseline 0 -27"><span class='ocrx_word' id='word_1_109' title='bbox 350 2255 526 2340; x_wconf 86' lang='lat' dir='ltr'>sterialis</span> <span class='ocrx_word' id='word_1_110' title='bbox 550 2253 726 2343; x_wconf 84' lang='lat' dir='ltr'>Saithko</span> <span class='ocrx_word' id='word_1_111' title='bbox 764 2257 888 2342; x_wconf 87' lang='lat' dir='ltr'>datus</span> <span class='ocrx_word' id='word_1_112' title='bbox 920 2269 983 2340; x_wconf 86' lang='lat' dir='ltr'>eet</span> <span class='ocrx_word' id='word_1_113' title='bbox 1005 2257 1166 2366; x_wconf 88' lang='lat' dir='ltr'>dejure</span> <span class='ocrx_word' id='word_1_114' title='bbox 1188 2255 1351 2367; x_wconf 88' lang='lat' dir='ltr'>prefato</span> <span class='ocrx_word' id='word_1_115' title='bbox 1390 2257 1557 2343; x_wconf 89' lang='lat' dir='ltr'>domino</span> <span class='ocrx_word' id='word_1_116' title='bbox 1595 2255 1840 2342; x_wconf 81' lang='lat' dir='ltr'>Castellano</span> <span class='ocrx_word' id='word_1_117' title='bbox 1863 2257 1917 2341; x_wconf 89' lang='lat' dir='ltr'>ad</span> <span class='ocrx_word' id='word_1_118' title='bbox 1937 2259 2002 2340; x_wconf 93' lang='lat' dir='ltr'>in-</span> 
     </span>
     <span class='ocr_line' id='line_1_14' title="bbox 348 2375 2002 2488; baseline 0 -28"><span class='ocrx_word' id='word_1_119' title='bbox 348 2377 665 2460; x_wconf 85' lang='lat' dir='ltr'>tromittendum</span> <span class='ocrx_word' id='word_1_120' title='bbox 687 2380 730 2460; x_wconf 92' lang='lat' dir='ltr'>iu</span> <span class='ocrx_word' id='word_1_121' title='bbox 750 2375 864 2460; x_wconf 91' lang='lat' dir='ltr'>bona</span> <span class='ocrx_word' id='word_1_122' title='bbox 900 2377 1000 2460; x_wconf 90' lang='lat' dir='ltr'>dicti</span> <span class='ocrx_word' id='word_1_123' title='bbox 1038 2378 1192 2460; x_wconf 93' lang='lat' dir='ltr'>domini</span> <span class='ocrx_word' id='word_1_124' title='bbox 1228 2377 1418 2488; x_wconf 88' lang='lat' dir='ltr'>zupparij</span> <span class='ocrx_word' id='word_1_125' title='bbox 1455 2405 1530 2486; x_wconf 92' lang='lat' dir='ltr'>pro</span> <span class='ocrx_word' id='word_1_126' title='bbox 1565 2377 1712 2487; x_wconf 88' lang='lat' dir='ltr'>primo.</span> <span class='ocrx_word' id='word_1_127' title='bbox 1764 2377 2002 2474; x_wconf 82' lang='lat' dir='ltr'>Novissime</span> 
     </span>
     <span class='ocr_line' id='line_1_15' title="bbox 352 2492 2002 2599; baseline 0.001 -21"><span class='ocrx_word' id='word_1_128' title='bbox 352 2505 506 2599; x_wconf 83' lang='lat' dir='ltr'>autem,</span> <span class='ocrx_word' id='word_1_129' title='bbox 527 2497 722 2580; x_wconf 88' lang='lat' dir='ltr'>videlicet</span> <span class='ocrx_word' id='word_1_130' title='bbox 743 2507 865 2578; x_wconf 87' lang='lat' dir='ltr'>sexta</span> <span class='ocrx_word' id='word_1_131' title='bbox 885 2492 989 2580; x_wconf 85' lang='lat' dir='ltr'>feria</span> <span class='ocrx_word' id='word_1_132' title='bbox 1018 2507 1115 2578; x_wconf 86' lang='lat' dir='ltr'>ante</span> <span class='ocrx_word' id='word_1_133' title='bbox 1136 2495 1289 2579; x_wconf 88' lang='lat' dir='ltr'>festum</span> <span class='ocrx_word' id='word_1_134' title='bbox 1325 2499 1461 2582; x_wconf 85' lang='lat' dir='ltr'>sancti</span> <span class='ocrx_word' id='word_1_135' title='bbox 1498 2494 1666 2580; x_wconf 85' lang='lat' dir='ltr'>Martini</span> <span class='ocrx_word' id='word_1_136' title='bbox 1707 2523 1816 2580; x_wconf 91' lang='lat' dir='ltr'>anno</span> <span class='ocrx_word' id='word_1_137' title='bbox 1855 2492 2002 2588; x_wconf 88' lang='lat' dir='ltr'>eodem</span> 
     </span>
     <span class='ocr_line' id='line_1_16' title="bbox 350 2611 2003 2726; baseline 0.001 -28"><span class='ocrx_word' id='word_1_138' title='bbox 350 2615 543 2700; x_wconf 79' lang='lat' dir='ltr'>Andreas</span> <span class='ocrx_word' id='word_1_139' title='bbox 566 2611 664 2702; x_wconf 85' lang='lat' dir='ltr'>Griz</span> <span class='ocrx_word' id='word_1_140' title='bbox 686 2615 967 2706; x_wconf 84' lang='lat' dir='ltr'>Ministeriulis</span> <span class='ocrx_word' id='word_1_141' title='bbox 1005 2616 1129 2698; x_wconf 83' lang='lat' dir='ltr'>datus</span> <span class='ocrx_word' id='word_1_142' title='bbox 1167 2616 1219 2698; x_wconf 91' lang='lat' dir='ltr'>de</span> <span class='ocrx_word' id='word_1_143' title='bbox 1249 2616 1345 2724; x_wconf 88' lang='lat' dir='ltr'>jure</span> <span class='ocrx_word' id='word_1_144' title='bbox 1368 2615 1587 2726; x_wconf 88' lang='lat' dir='ltr'>sepedicto</span> <span class='ocrx_word' id='word_1_145' title='bbox 1610 2616 1777 2700; x_wconf 88' lang='lat' dir='ltr'>domino</span> <span class='ocrx_word' id='word_1_146' title='bbox 1813 2613 2003 2700; x_wconf 80' lang='lat' dir='ltr'>Johanni</span> 
     </span>
     <span class='ocr_line' id='line_1_17' title="bbox 350 2731 2004 2822; baseline 0.001 -4"><span class='ocrx_word' id='word_1_147' title='bbox 350 2731 595 2818; x_wconf 68' lang='lat' dir='ltr'>castellano</span> <span class='ocrx_word' id='word_1_148' title='bbox 619 2733 891 2822; x_wconf 83' lang='lat' dir='ltr'>Cracouiensi</span> <span class='ocrx_word' id='word_1_149' title='bbox 926 2735 981 2818; x_wconf 91' lang='lat' dir='ltr'>ad</span> <span class='ocrx_word' id='word_1_150' title='bbox 1016 2733 1377 2819; x_wconf 87' lang='lat' dir='ltr'>intromittendum</span> <span class='ocrx_word' id='word_1_151' title='bbox 1413 2737 1455 2816; x_wconf 90' lang='lat' dir='ltr'>iu</span> <span class='ocrx_word' id='word_1_152' title='bbox 1489 2733 1603 2820; x_wconf 84' lang='lat' dir='ltr'>boue</span> <span class='ocrx_word' id='word_1_153' title='bbox 1640 2733 1825 2820; x_wconf 86' lang='lat' dir='ltr'>eiusdem</span> <span class='ocrx_word' id='word_1_154' title='bbox 1847 2733 2004 2820; x_wconf 88' lang='lat' dir='ltr'>domini</span> 
     </span>
    </p>
   </div>
   <div class='ocr_carea' id='block_1_3' title="bbox 349 2835 2002 2966">
    <p class='ocr_par' dir='ltr' id='par_1_3' title="bbox 349 2835 2002 2966">
     <span class='ocr_line' id='line_1_18' title="bbox 349 2835 2002 2966; baseline 0.002 -30"><span class='ocrx_word' id='word_1_155' title='bbox 349 2851 551 2964; x_wconf 88' lang='lat' dir='ltr'>Zupparij</span> <span class='ocrx_word' id='word_1_156' title='bbox 573 2853 656 2936; x_wconf 89' lang='lat' dir='ltr'>iam</span> <span class='ocrx_word' id='word_1_157' title='bbox 680 2851 867 2938; x_wconf 85' lang='lat' dir='ltr'>defuncti</span> <span class='ocrx_word' id='word_1_158' title='bbox 888 2855 1060 2938; x_wconf 79' lang='lat' dir='ltr'>veniens</span> <span class='ocrx_word' id='word_1_159' title='bbox 1077 2856 1344 2966; x_wconf 86' lang='lat' dir='ltr'>recognouit.</span> <span class='ocrx_word' id='word_1_160' title='bbox 1378 2835 1490 2954; x_wconf 79' lang='lat' dir='ltr'>Quia</span> <span class='ocrx_word' id='word_1_161' title='bbox 1512 2851 1773 2937; x_wconf 83' lang='lat' dir='ltr'>Venerabilis</span> <span class='ocrx_word' id='word_1_162' title='bbox 1811 2852 2002 2940; x_wconf 83' lang='lat' dir='ltr'>dominus</span> 
     </span>
    </p>
   </div>
   <div class='ocr_carea' id='block_1_4' title="bbox 347 2961 2007 4282">
    <p class='ocr_par' dir='ltr' id='par_1_4' title="bbox 347 2961 2007 4282">
     <span class='ocr_line' id='line_1_19' title="bbox 347 2961 2004 3084; baseline 0 -28"><span class='ocrx_word' id='word_1_163' title='bbox 347 2971 499 3056; x_wconf 86' lang='lat' dir='ltr'>Petrus</span> <span class='ocrx_word' id='word_1_164' title='bbox 522 2976 760 3084; x_wconf 84' lang='lat' dir='ltr'>prepositus</span> <span class='ocrx_word' id='word_1_165' title='bbox 784 2971 1135 3058; x_wconf 88' lang='lat' dir='ltr'>Sandomiriensis</span> <span class='ocrx_word' id='word_1_166' title='bbox 1160 2987 1201 3056; x_wconf 89' lang='lat' dir='ltr'>et</span> <span class='ocrx_word' id='word_1_167' title='bbox 1222 2973 1462 3060; x_wconf 81' lang='lat' dir='ltr'>Canonicus</span> <span class='ocrx_word' id='word_1_168' title='bbox 1486 2961 1782 3060; x_wconf 82' lang='lat' dir='ltr'>Cracouiensis</span> <span class='ocrx_word' id='word_1_169' title='bbox 1816 2971 2004 3058; x_wconf 87' lang='lat' dir='ltr'>eiusdem</span> 
     </span>
     <span class='ocr_line' id='line_1_20' title="bbox 350 3090 2003 3205; baseline 0.001 -29"><span class='ocrx_word' id='word_1_170' title='bbox 350 3093 507 3178; x_wconf 91' lang='lat' dir='ltr'>domini</span> <span class='ocrx_word' id='word_1_171' title='bbox 528 3090 730 3204; x_wconf 86' lang='lat' dir='ltr'>Zupparij</span> <span class='ocrx_word' id='word_1_172' title='bbox 752 3093 875 3197; x_wconf 84' lang='lat' dir='ltr'>filius,</span> <span class='ocrx_word' id='word_1_173' title='bbox 896 3095 970 3205; x_wconf 91' lang='lat' dir='ltr'>qui</span> <span class='ocrx_word' id='word_1_174' title='bbox 998 3096 1206 3176; x_wconf 87' lang='lat' dir='ltr'>successit</span> <span class='ocrx_word' id='word_1_175' title='bbox 1226 3095 1269 3176; x_wconf 93' lang='lat' dir='ltr'>in</span> <span class='ocrx_word' id='word_1_176' title='bbox 1291 3092 1406 3178; x_wconf 88' lang='lat' dir='ltr'>bona</span> <span class='ocrx_word' id='word_1_177' title='bbox 1425 3094 1560 3204; x_wconf 88' lang='lat' dir='ltr'>patris</span> <span class='ocrx_word' id='word_1_178' title='bbox 1581 3093 1658 3197; x_wconf 86' lang='lat' dir='ltr'>sui,</span> <span class='ocrx_word' id='word_1_179' title='bbox 1694 3101 1793 3204; x_wconf 87' lang='lat' dir='ltr'>post</span> <span class='ocrx_word' id='word_1_180' title='bbox 1827 3103 2003 3178; x_wconf 86' lang='lat' dir='ltr'>mortem</span> 
     </span>
     <span class='ocr_line' id='line_1_21' title="bbox 349 3209 2007 3326; baseline 0.002 -32"><span class='ocrx_word' id='word_1_181' title='bbox 349 3213 479 3321; x_wconf 88' lang='lat' dir='ltr'>ipsius</span> <span class='ocrx_word' id='word_1_182' title='bbox 500 3209 646 3296; x_wconf 88' lang='lat' dir='ltr'>nolens</span> <span class='ocrx_word' id='word_1_183' title='bbox 677 3213 845 3296; x_wconf 85' lang='lat' dir='ltr'>sedare</span> <span class='ocrx_word' id='word_1_184' title='bbox 869 3211 1171 3322; x_wconf 80' lang='lat' dir='ltr'>dampnificata</span> <span class='ocrx_word' id='word_1_185' title='bbox 1212 3215 1468 3324; x_wconf 85' lang='lat' dir='ltr'>peramplius</span> <span class='ocrx_word' id='word_1_186' title='bbox 1504 3211 1658 3296; x_wconf 87' lang='lat' dir='ltr'>talibus</span> <span class='ocrx_word' id='word_1_187' title='bbox 1694 3211 2007 3326; x_wconf 75' lang='lat' dir='ltr'>pignorationi-</span> 
     </span>
     <span class='ocr_line' id='line_1_22' title="bbox 349 3327 2001 3442; baseline 0.003 -30"><span class='ocrx_word' id='word_1_188' title='bbox 349 3327 430 3414; x_wconf 90' lang='lat' dir='ltr'>bus</span> <span class='ocrx_word' id='word_1_189' title='bbox 453 3340 496 3412; x_wconf 90' lang='lat' dir='ltr'>et</span> <span class='ocrx_word' id='word_1_190' title='bbox 516 3331 756 3416; x_wconf 89' lang='lat' dir='ltr'>huiusmodi</span> <span class='ocrx_word' id='word_1_191' title='bbox 796 3331 931 3414; x_wconf 89' lang='lat' dir='ltr'>eidem</span> <span class='ocrx_word' id='word_1_192' title='bbox 968 3331 1134 3416; x_wconf 90' lang='lat' dir='ltr'>domino</span> <span class='ocrx_word' id='word_1_193' title='bbox 1172 3331 1413 3419; x_wconf 80' lang='lat' dir='ltr'>Castellano</span> <span class='ocrx_word' id='word_1_194' title='bbox 1437 3331 1715 3419; x_wconf 85' lang='lat' dir='ltr'>Oracouiensi</span> <span class='ocrx_word' id='word_1_195' title='bbox 1734 3331 1777 3414; x_wconf 93' lang='lat' dir='ltr'>in</span> <span class='ocrx_word' id='word_1_196' title='bbox 1798 3333 2001 3442; x_wconf 85' lang='lat' dir='ltr'>piscinam</span> 
     </span>
     <span class='ocr_line' id='line_1_23' title="bbox 349 3447 2005 3567; baseline 0.002 -35"><span class='ocrx_word' id='word_1_197' title='bbox 349 3460 448 3558; x_wconf 86' lang='lat' dir='ltr'>poet</span> <span class='ocrx_word' id='word_1_198' title='bbox 466 3447 738 3533; x_wconf 87' lang='lat' dir='ltr'>Kazimiriam</span> <span class='ocrx_word' id='word_1_199' title='bbox 761 3477 891 3560; x_wconf 87' lang='lat' dir='ltr'>penes</span> <span class='ocrx_word' id='word_1_200' title='bbox 912 3450 1197 3534; x_wconf 90' lang='lat' dir='ltr'>molendinum</span> <span class='ocrx_word' id='word_1_201' title='bbox 1220 3451 1541 3564; x_wconf 87' lang='lat' dir='ltr'>Oapitanealem</span> <span class='ocrx_word' id='word_1_202' title='bbox 1564 3447 1660 3567; x_wconf 75' lang='lat' dir='ltr'>(sic)</span> <span class='ocrx_word' id='word_1_203' title='bbox 1684 3454 1946 3554; x_wconf 85' lang='lat' dir='ltr'>existentem,</span> <span class='ocrx_word' id='word_1_204' title='bbox 1963 3462 2005 3534; x_wconf 86' lang='lat' dir='ltr'>et</span> 
     </span>
     <span class='ocr_line' id='line_1_24' title="bbox 348 3565 2005 3682; baseline 0.002 -32"><span class='ocrx_word' id='word_1_205' title='bbox 348 3565 520 3651; x_wconf 78' lang='lat' dir='ltr'>indura</span> <span class='ocrx_word' id='word_1_206' title='bbox 541 3597 625 3678; x_wconf 89' lang='lat' dir='ltr'>que</span> <span class='ocrx_word' id='word_1_207' title='bbox 647 3567 796 3653; x_wconf 87' lang='lat' dir='ltr'>habuit</span> <span class='ocrx_word' id='word_1_208' title='bbox 816 3578 938 3677; x_wconf 90' lang='lat' dir='ltr'>pater</span> <span class='ocrx_word' id='word_1_209' title='bbox 958 3596 1059 3650; x_wconf 89' lang='lat' dir='ltr'>suus</span> <span class='ocrx_word' id='word_1_210' title='bbox 1081 3570 1234 3678; x_wconf 81' lang='lat' dir='ltr'>etipse</span> <span class='ocrx_word' id='word_1_211' title='bbox 1255 3584 1354 3680; x_wconf 90' lang='lat' dir='ltr'>post</span> <span class='ocrx_word' id='word_1_212' title='bbox 1372 3585 1534 3682; x_wconf 87' lang='lat' dir='ltr'>patrem</span> <span class='ocrx_word' id='word_1_213' title='bbox 1556 3599 1684 3682; x_wconf 79' lang='lat' dir='ltr'>cuper</span> <span class='ocrx_word' id='word_1_214' title='bbox 1706 3568 1854 3652; x_wconf 88' lang='lat' dir='ltr'>eadem</span> <span class='ocrx_word' id='word_1_215' title='bbox 1874 3569 2005 3680; x_wconf 85' lang='lat' dir='ltr'>pisci·</span> 
     </span>
     <span class='ocr_line' id='line_1_25' title="bbox 351 3685 2005 3775; baseline 0.003 -6"><span class='ocrx_word' id='word_1_216' title='bbox 351 3715 405 3769; x_wconf 86' lang='lat' dir='ltr'>na</span> <span class='ocrx_word' id='word_1_217' title='bbox 435 3689 479 3770; x_wconf 91' lang='lat' dir='ltr'>in</span> <span class='ocrx_word' id='word_1_218' title='bbox 499 3686 624 3771; x_wconf 88' lang='lat' dir='ltr'>lucris</span> <span class='ocrx_word' id='word_1_219' title='bbox 663 3687 850 3771; x_wconf 87' lang='lat' dir='ltr'>eiusdem</span> <span class='ocrx_word' id='word_1_220' title='bbox 887 3688 1043 3771; x_wconf 92' lang='lat' dir='ltr'>domini</span> <span class='ocrx_word' id='word_1_221' title='bbox 1080 3685 1311 3773; x_wconf 80' lang='lat' dir='ltr'>Castellani</span> <span class='ocrx_word' id='word_1_222' title='bbox 1348 3692 1465 3774; x_wconf 90' lang='lat' dir='ltr'>dedit</span> <span class='ocrx_word' id='word_1_223' title='bbox 1497 3691 1851 3775; x_wconf 87' lang='lat' dir='ltr'>intromissionem</span> <span class='ocrx_word' id='word_1_224' title='bbox 1885 3688 2005 3774; x_wconf 82' lang='lat' dir='ltr'>iuxta</span> 
     </span>
     <span class='ocr_line' id='line_1_26' title="bbox 352 3805 2004 3921; baseline 0.002 -31"><span class='ocrx_word' id='word_1_225' title='bbox 352 3817 460 3890; x_wconf 89' lang='lat' dir='ltr'>acta.</span> <span class='ocrx_word' id='word_1_226' title='bbox 492 3805 543 3892; x_wconf 95' lang='lat' dir='ltr'>In</span> <span class='ocrx_word' id='word_1_227' title='bbox 563 3808 683 3889; x_wconf 88' lang='lat' dir='ltr'>cuius</span> <span class='ocrx_word' id='word_1_228' title='bbox 704 3809 764 3891; x_wconf 90' lang='lat' dir='ltr'>rei</span> <span class='ocrx_word' id='word_1_229' title='bbox 785 3807 935 3890; x_wconf 84' lang='lat' dir='ltr'>clarius</span> <span class='ocrx_word' id='word_1_230' title='bbox 972 3808 1261 3893; x_wconf 88' lang='lat' dir='ltr'>testimonium</span> <span class='ocrx_word' id='word_1_231' title='bbox 1293 3809 1474 3921; x_wconf 88' lang='lat' dir='ltr'>sigillum</span> <span class='ocrx_word' id='word_1_232' title='bbox 1511 3819 1703 3894; x_wconf 85' lang='lat' dir='ltr'>nostrum</span> <span class='ocrx_word' id='word_1_233' title='bbox 1737 3807 2004 3918; x_wconf 85' lang='lat' dir='ltr'>presentibus</span> 
     </span>
     <span class='ocr_line' id='line_1_27' title="bbox 353 3923 2006 4040; baseline -0.001 -30"><span class='ocrx_word' id='word_1_234' title='bbox 353 3937 418 4010; x_wconf 87' lang='lat' dir='ltr'>est</span> <span class='ocrx_word' id='word_1_235' title='bbox 436 3925 767 4036; x_wconf 88' lang='lat' dir='ltr'>subappeusurn.</span> <span class='ocrx_word' id='word_1_236' title='bbox 798 3926 953 4010; x_wconf 87' lang='lat' dir='ltr'>Actum</span> <span class='ocrx_word' id='word_1_237' title='bbox 974 3927 1018 4009; x_wconf 93' lang='lat' dir='ltr'>in</span> <span class='ocrx_word' id='word_1_238' title='bbox 1039 3923 1190 4012; x_wconf 83' lang='lat' dir='ltr'>Castro</span> <span class='ocrx_word' id='word_1_239' title='bbox 1224 3927 1496 4012; x_wconf 86' lang='lat' dir='ltr'>Cracouienei</span> <span class='ocrx_word' id='word_1_240' title='bbox 1535 3927 1684 4012; x_wconf 90' lang='lat' dir='ltr'>diebus</span> <span class='ocrx_word' id='word_1_241' title='bbox 1706 3937 1750 4010; x_wconf 88' lang='lat' dir='ltr'>et</span> <span class='ocrx_word' id='word_1_242' title='bbox 1771 3929 1891 4010; x_wconf 84' lang='lat' dir='ltr'>annis</span> <span class='ocrx_word' id='word_1_243' title='bbox 1913 3929 2006 4040; x_wconf 88' lang='lat' dir='ltr'>qui-</span> 
     </span>
     <span class='ocr_line' id='line_1_28' title="bbox 352 4041 2005 4156; baseline -0.001 -27"><span class='ocrx_word' id='word_1_244' title='bbox 352 4042 432 4130; x_wconf 90' lang='lat' dir='ltr'>bus</span> <span class='ocrx_word' id='word_1_245' title='bbox 453 4072 594 4156; x_wconf 84' lang='lat' dir='ltr'>cupra.</span> <span class='ocrx_word' id='word_1_246' title='bbox 637 4045 795 4130; x_wconf 92' lang='lat' dir='ltr'>Datum</span> <span class='ocrx_word' id='word_1_247' title='bbox 816 4073 916 4132; x_wconf 87' lang='lat' dir='ltr'>vero</span> <span class='ocrx_word' id='word_1_248' title='bbox 938 4045 1042 4132; x_wconf 86' lang='lat' dir='ltr'>feria</span> <span class='ocrx_word' id='word_1_249' title='bbox 1064 4047 1253 4132; x_wconf 87' lang='lat' dir='ltr'>secunda</span> <span class='ocrx_word' id='word_1_250' title='bbox 1272 4048 1315 4130; x_wconf 92' lang='lat' dir='ltr'>in</span> <span class='ocrx_word' id='word_1_251' title='bbox 1336 4047 1520 4133; x_wconf 86' lang='lat' dir='ltr'>crastino</span> <span class='ocrx_word' id='word_1_252' title='bbox 1557 4048 1693 4132; x_wconf 86' lang='lat' dir='ltr'>saneti</span> <span class='ocrx_word' id='word_1_253' title='bbox 1728 4041 1897 4134; x_wconf 86' lang='lat' dir='ltr'>Martini</span> <span class='ocrx_word' id='word_1_254' title='bbox 1916 4043 2005 4130; x_wconf 84' lang='lat' dir='ltr'>An-</span> 
     </span>
     <span class='ocr_line' id='line_1_29' title="bbox 352 4163 1790 4282; baseline 0.001 -33"><span class='ocrx_word' id='word_1_255' title='bbox 352 4190 410 4274; x_wconf 87' lang='lat' dir='ltr'>no</span> <span class='ocrx_word' id='word_1_256' title='bbox 428 4165 584 4248; x_wconf 89' lang='lat' dir='ltr'>domini</span> <span class='ocrx_word' id='word_1_257' title='bbox 605 4163 823 4252; x_wconf 88' lang='lat' dir='ltr'>Millesimo</span> <span class='ocrx_word' id='word_1_258' title='bbox 845 4165 1261 4280; x_wconf 81' lang='lat' dir='ltr'>quadringentesimo</span> <span class='ocrx_word' id='word_1_259' title='bbox 1283 4169 1645 4282; x_wconf 84' lang='lat' dir='ltr'>quinquagesimo</span> <span class='ocrx_word' id='word_1_260' title='bbox 1666 4194 1790 4256; x_wconf 73' lang='lat' dir='ltr'>nono,</span> 
     </span>
    </p>
   </div>
   <div class='ocr_carea' id='block_1_5' title="bbox 0 0 2432 5924">
    <p class='ocr_par' dir='ltr' id='par_1_5' title="bbox 0 0 2432 5924">
     <span class='ocr_line' id='line_1_30' title="bbox 0 0 2432 5924; baseline 0 0"><span class='ocrx_word' id='word_1_261' title='bbox 0 0 2432 5924; x_wconf 95' lang='lat' dir='ltr'> </span> 
     </span>
    </p>
   </div>
  </div>
 </body>
</html>
