4844 5936
1007 675 1280 747 -too-

952 1139 954 1144 ·
1036 1075 1332 1204 CCXXXV..

422 1334 735 1422 Gracooioc
744 1332 888 1418 -riic
911 1334 987 1420 ro
1012 1335 1213 1422 mauric
1235 1334 1512 1422 domandi
1535 1330 1683 1424 14⁹³
1701 1354 1867 1424 auno.

314 1559 541 1636 &cannen
561 1557 800 1636 Aliter-turc
821 1573 886 1646 τοι,
906 1571 961 1646 nro
981 1525 1307 1648 unrcntu'rcxngntc
1320 1554 1443 1632 iinrcnir
1461 1554 1706 1652 tumnuuiiinr
1727 1495 1871 1650 aarum,
1897 1553 1968 1632 rinn-
2016 1567 2020 1576 ’

643 1660 741 1736 riccirn
760 1677 882 1736 uncti
896 1676 1006 1774 ccnsuc
1021 1657 1194 1732 cuncutitur
1208 1659 1451 1734 crrmucnciiur
1467 1658 1604 1732 inscribit
1622 1662 1671 1742 (1).

416 1867 609 1956 Joannes
630 1869 831 1955 Albertus
854 1868 922 1952 dei
943 1867 1090 1980 gracia
1106 1865 1199 1951 Rex
1214 1865 1397 1984 Pelopia,
1420 1894 1671 1984 suppremus
1690 1869 1774 1951 dux
1793 1867 1971 1952 Lithua·

312 1989 871 2102 nie,1⁷tussie,i³russicqne
909 1987 1103 2073 dominus
1142 1997 1185 2070 et
1218 1985 1445 2070 heres-etc.
1490 1985 1791 2102 Significamus
1826 1997 1972 2072 tenore

312 2097 579 2225 presencium
600 2110 807 2192 uniuersis
831 2105 986 2222 quibus
1009 2105 1193 2218 expedit.
1241 2083 1353 2205 Quia
1378 2111 1556 2222 propter
1586 2105 1761 2190 arduam
1787 2116 1974 2219 nostram

313 2237 358 2312 et
372 2227 607 2339 reipublice
629 2225 771 2341 Regni
791 2227 926 2311 nostri
945 2227 1247 2310 necessitatem
1269 2256 1294 2310 a
1313 2224 1502 2311 ffamosis
1532 2223 1788 2310 Consulibus
1812 2224 1973 2310 Ciuita-

314 2348 368 2429 tis
389 2355 530 2432 nostre
555 2345 866 2450 Cracouiensis,
887 2354 1094 2459 tanquam
1129 2347 1317 2458 patronis
1336 2345 1557 2458 legittimis
1596 2356 1637 2430 et
1660 2347 1796 2460 unicis
1819 2345 1973 2428 Altaria
2079 2383 2083 2392 ·

315 2464 569 2551 Sanctorum
586 2465 811 2580 Benedicti
833 2464 1031 2569 Abbatis,
1054 2461 1139 2548 Viti
1162 2473 1205 2550 et
1225 2464 1418 2567 Modesti,
1455 2461 1632 2549 ffabiani
1670 2473 1712 2546 ct
1734 2461 1974 2561 Sebastiani
2069 2547 2071 2551 ,

310 2587 538 2689 martirum,
561 2585 725 2698 Zophie
747 2595 789 2668 et
812 2582 996 2669 Cordule
1017 2585 1226 2698 virginum
1247 2583 1290 2665 in
1311 2583 1504 2668 Ecclesia
1523 2583 1769 2668 beatissime
1798 2583 1972 2696 virginis
2128 2609 2133 2620 ’

308 2699 439 2787 Mario
461 2705 504 2785 in
527 2705 693 2792 Circulo
716 2697 992 2792 Cracouiensi
1013 2706 1104 2808 sita,
1126 2731 1223 2788 curn
1245 2730 1456 2792 consensu
1485 2703 1737 2790 venerabilis
1759 2701 1971 2788 dohannis

312 2823 366 2906 de
388 2823 653 2940 Octoyoczr'jrrr
675 2822 728 2938 (²)
752 2825 935 2912 doctoris
955 2823 1125 2936 plebani
1147 2823 1203 2911 ad
1224 2833 1418 2908 sanetum
1449 2823 1672 2910 Nicolaum
1695 2833 1973 2908 extramuros

311 2939 619 3030 Cracouienses
643 2945 829 3030 eiusdem
865 2944 1022 3028 Altaria
1059 2942 1266 3027 Altariste
1295 2941 1527 3026 Trecentos
1551 2953 1595 3026 et
1615 2945 1841 3054 sexaginta
1863 2943 1972 3025 hun·
2080 2998 2084 3002 -

310 3061 517 3173 garicales
532 3065 720 3150 ‘florenos
742 3065 832 3176 aurj
868 3065 960 3174 purj
998 3073 1042 3146 et
1075 3064 1174 3146 iusti
1194 3063 1393 3173 ponderis
1428 3064 1664 3172 recepimus
1690 3066 1793 3144 etin
1817 3060 1974 3146 effectu

309 3179 558 3265 leuauimus.
611 3182 693 3268 Pro
717 3209 805 3292 qua
826 3183 999 3292 quidem
1022 3209 1187 3268 summa
1210 3184 1366 3266 eisdem
1389 3180 1641 3268 Consulibus
1664 3191 1870 3292 tanquam
1890 3211 1968 3292 pa-

307 3301 438 3384 tronis
461 3301 562 3384 dicti
577 3300 745 3414 Altaris,
782 3299 1004 3388 duodecim
1035 3329 1201 3386 marcas
1239 3327 1390 3385 census
1426 3303 1660 3385 communis
1688 3301 1866 3412 pecunie
1904 3300 1979 3382 de-

310 3444 443 3502 censu
462 3429 606 3505 nostro
628 3431 769 3508 annuo
790 3421 944 3536 viginti
965 3415 1128 3530 septem
1163 3450 1401 3518 marcarum
1423 3420 1691 3533 apistoribus
1714 3449 1790 3502 seu
1813 3421 1865 3502 de
1885 3427 1974 3502 sta-

310 3535 504 3622 tionibus
524 3567 682 3649 panum
704 3539 748 3620 in
770 3539 959 3626 Ciuitate
995 3549 1140 3623 nostra
1164 3540 1437 3626 Cracouiensi
1472 3539 1647 3652 singulis
1684 3539 1805 3621 annis
1840 3536 1976 3642 nobis,

238 3693 244 3708 r
307 3658 667 3767 prouenienoium,
688 3669 896 3772 perpetua
917 3659 1179 3764 vendicione‚
1199 3659 1244 3740 in
1265 3660 1349 3744 vim
1369 3670 1512 3742 tamen
1532 3657 1840 3767 redempcionis
1862 3658 1976 3740 alias

418 3893 456 3972 (¹)
478 3891 530 3959 Ex
547 3892 595 3960 ori
621 3892 699 3960 innli
714 3892 738 3960 J
740 3891 854 3979 osephi
869 3891 1037 3964 Rusieccii
1051 3891 1198 3980 proprio,
1225 3892 1400 3979 descripsit
1414 3891 1578 3960 Antonius
1593 3891 1831 3960 Mnczlrowski.
1876 3891 1976 3976 Sigil-

307 3973 489 4042 lumdeest·
533 3978 572 4044 In
617 3987 687 4043 tera
701 3987 795 4078 parte
812 3975 944 4044 tabulae
971 3999 1109 4061 sequens
1135 3977 1238 4044 latina
1268 3977 1454 4063 inscriptio:

411 4059 541 4128 Littera
569 4062 734 4130 Johannrs
760 4061 893 4162 Albertj
909 4063 1010 4148 Regis
1027 4085 1065 4130 su
1093 4085 1246 4129 accensu
1264 4062 1438 4129 duodecim
1452 4085 1635 4128 marcarum
1649 4061 1775 4132 Altaria
1795 4063 1898 4130 sancti
1910 4061 1974 4126 Be-

312 4143 444 4270 nedictj3
467 4145 509 4297 ip
517 4147 668 4296 Ecclesip
682 4149 780 4296 hgate'
793 4148 940 4251 Vuirgrnis
956 4085 1152 4236 parroclnialj
1169 4169 1230 4234 pro
1246 4149 1310 4296 ῗθθ
1324 4145 1400 4214 flor.
1416 4171 1532 4248 ungar.
1548 4147 1583 4212 in
1599 4171 1688 4214 auro.
1729 4233 1749 4295 l'
1908 4231 1914 4244 1

180 4395 184 4402 ,
305 4230 1974 4404 n,ptinctitiisinstitit?iiiiii::iti¹tttti?tttiiii1ttttiiiiii

242 4427 246 4434 ·
305 4407 340 4463 et
354 4397 558 4497 Sigismundi
573 4400 670 4485 primi
702 4401 999 4469 aconlessionibus
1015 4401 1353 4470 fuit-celeberrimus
1380 4403 1430 4466 vir
1450 4413 1483 4468 et
1498 4402 1717 4479 doctissimus,
1747 4422 1844 4487 saepe
1860 4413 1973 4466 orator
2081 4439 2083 4442 -

304 4481 347 4548 ad
360 4483 583 4560 Lnthuaniam,
600 4483 737 4551 multum
752 4486 785 4551 in
802 4485 1023 4574 legationibus
1046 4496 1206 4554 versatus.
1250 4484 1383 4562 Author
1412 4488 1474 4569 suit
1504 4485 1706 4553 celeberrimi
1735 4509 1795 4551 suo
1826 4494 1972 4573 tempore

304 4568 431 4654 operis:
455 4567 690 4648 „Elucidarius
706 4592 853 4636 errorum
866 4573 951 4640 ritus
967 4571 1148 4637 ruthenici”
1163 4572 1197 4639 in
1212 4573 1317 4637 lucem
1332 4573 1438 4656 primo
1464 4571 1543 4636 editi
1564 4572 1632 4636 sinc
1655 4569 1729 4636 loco
1746 4580 1778 4636 et
1794 4593 1891 4648 anno,
1913 4571 1970 4638 sed

302 4651 390 4720 haud
412 4652 525 4727 dubio,
550 4651 735 4720 Cracoviae
754 4647 838 4722 1500
854 4679 883 4724 a.
929 4656 1024 4742 Opus
1054 4677 1121 4721 non
1152 4655 1251 4723 semel
1266 4657 1504 4742 raimpressum.
1551 4651 1646 4721 Conf.
1665 4655 1703 4720 dc
1719 4655 1777 4722 illo
1793 4655 1972 4724 doctissimi

301 4737 484 4807 Michaelis
493 4737 733 4806 Wiscniewscii
749 4761 802 4808 ree
814 4750 925 4826 gestas
941 4741 989 4809 rei
1001 4740 1201 4808 Polonorunn
1212 4741 1400 4820 litterariae,
1410 4737 1509 4825 vulgo
1519 4739 1883 4830 „Historyaliteratury
1896 4742 1970 4836 pol·

304 4823 406 4911 cnsp
440 4825 479 4891 r.
497 4823 537 4894 v.
561 4827 783 4913 pagan-ca.
