<?xml version="1.0" encoding="UTF-8"?>
<!DOCTYPE html PUBLIC "-//W3C//DTD XHTML 1.0 Transitional//EN"
    "http://www.w3.org/TR/xhtml1/DTD/xhtml1-transitional.dtd">
<html xmlns="http://www.w3.org/1999/xhtml" xml:lang="en" lang="en">
 <head>
  <title>
</title>
<meta http-equiv="Content-Type" content="text/html;charset=utf-8" />
  <meta name='ocr-system' content='tesseract 3.04.00' />
  <meta name='ocr-capabilities' content='ocr_page ocr_carea ocr_par ocr_line ocrx_word'/>
</head>
<body>
  <div class='ocr_page' id='page_1' title='image "./codexdiplomatic00bartgoog_0371.png"; bbox 0 0 4822 5924; ppageno 0'>
   <div class='ocr_carea' id='block_1_1' title="bbox 1002 687 1279 764">
    <p class='ocr_par' dir='ltr' id='par_1_1' title="bbox 1002 687 1279 764">
     <span class='ocr_line' id='line_1_1' title="bbox 1002 687 1279 764; baseline -0.004 -19"><span class='ocrx_word' id='word_1_1' title='bbox 1002 687 1279 764; x_wconf 69' lang='lat'><strong>...337-</strong></span> 
     </span>
    </p>
   </div>
   <div class='ocr_carea' id='block_1_2' title="bbox 170 883 2041 1593">
    <p class='ocr_par' dir='ltr' id='par_1_2' title="bbox 170 880 2054 1593">
     <span class='ocr_line' id='line_1_2' title="bbox 170 883 1966 997; baseline 0.002 -23"><span class='ocrx_word' id='word_1_2' title='bbox 170 890 174 899; x_wconf 74' lang='grc'><em>’</em></span> <span class='ocrx_word' id='word_1_3' title='bbox 310 885 426 994; x_wconf 68' lang='lat' dir='ltr'><strong>oiris&#39;</strong></span> <span class='ocrx_word' id='word_1_4' title='bbox 442 883 642 976; x_wconf 69' lang='lat' dir='ltr'><strong>«Iohanne</strong></span> <span class='ocrx_word' id='word_1_5' title='bbox 664 887 716 978; x_wconf 86' lang='lat' dir='ltr'><strong>de</strong></span> <span class='ocrx_word' id='word_1_6' title='bbox 738 889 906 974; x_wconf 70' lang='lat' dir='ltr'><strong>namne</strong></span> <span class='ocrx_word' id='word_1_7' title='bbox 927 887 1168 976; x_wconf 71' lang='lat' dir='ltr'><strong>(instellano</strong></span> <span class='ocrx_word' id='word_1_8' title='bbox 1197 887 1525 984; x_wconf 82' lang='lat' dir='ltr'><strong>Sandomirieusi</strong></span> <span class='ocrx_word' id='word_1_9' title='bbox 1548 885 1780 997; x_wconf 84' lang='lat' dir='ltr'><strong>Spithcone</strong></span> <span class='ocrx_word' id='word_1_10' title='bbox 1802 888 1966 978; x_wconf 78' lang='lat' dir='ltr'><strong>Snboa·</strong></span> 
     </span>
     <span class='ocr_line' id='line_1_3' title="bbox 310 905 2041 1212; baseline 0.001 -120"><span class='ocrx_word' id='word_1_11' title='bbox 310 1008 488 1106; x_wconf 76' lang='lat' dir='ltr'><strong>monario</strong></span> <span class='ocrx_word' id='word_1_12' title='bbox 510 1005 786 1098; x_wconf 83' lang='lat' dir='ltr'><strong>Oraoouiensi</strong></span> <span class='ocrx_word' id='word_1_13' title='bbox 807 1006 1033 1116; x_wconf 80' lang='lat' dir='ltr'><strong>Dymittrio</strong></span> <span class='ocrx_word' id='word_1_14' title='bbox 1052 1011 1415 1096; x_wconf 77' lang='lat' dir='ltr'><strong>nioethenaurario</strong></span> <span class='ocrx_word' id='word_1_15' title='bbox 1436 1007 1578 1120; x_wconf 80' lang='lat' dir='ltr'>Regni</span> <span class='ocrx_word' id='word_1_16' title='bbox 1593 1005 1765 1092; x_wconf 90' lang='lat' dir='ltr'><strong>Polonie</strong></span> <span class='ocrx_word' id='word_1_17' title='bbox 1785 905 2041 1212; x_wconf 36' lang='lat' dir='ltr'><strong>lmen?</strong></span> 
     </span>
     <span class='ocr_line' id='line_1_4' title="bbox 310 1122 1967 1240; baseline 0.001 -30"><span class='ocrx_word' id='word_1_18' title='bbox 310 1126 365 1210; x_wconf 88' lang='lat' dir='ltr'><strong>de</strong></span> <span class='ocrx_word' id='word_1_19' title='bbox 386 1122 573 1228; x_wconf 81' lang='lat' dir='ltr'><strong>Plessow,</strong></span> <span class='ocrx_word' id='word_1_20' title='bbox 596 1125 723 1213; x_wconf 89' lang='lat' dir='ltr'><strong>Petro</strong></span> <span class='ocrx_word' id='word_1_21' title='bbox 745 1127 798 1210; x_wconf 92' lang='lat' dir='ltr'><strong>de</strong></span> <span class='ocrx_word' id='word_1_22' title='bbox 821 1122 967 1210; x_wconf 73' lang='lat' dir='ltr'><strong>Cosinto</strong></span> <span class='ocrx_word' id='word_1_23' title='bbox 990 1137 1033 1210; x_wconf 83' lang='lat' dir='ltr'><strong>et</strong></span> <span class='ocrx_word' id='word_1_24' title='bbox 1054 1127 1260 1240; x_wconf 83' lang='lat' dir='ltr'><strong>Sethcgio</strong></span> <span class='ocrx_word' id='word_1_25' title='bbox 1282 1127 1333 1210; x_wconf 91' lang='lat' dir='ltr'><strong>de</strong></span> <span class='ocrx_word' id='word_1_26' title='bbox 1357 1125 1538 1211; x_wconf 65' lang='lat' dir='ltr'><strong>Cometen</strong></span> <span class='ocrx_word' id='word_1_27' title='bbox 1590 1125 1817 1212; x_wconf 81' lang='lat' dir='ltr'><strong>Canonicis</strong></span> <span class='ocrx_word' id='word_1_28' title='bbox 1839 1127 1913 1214; x_wconf 90' lang='lat' dir='ltr'><strong>Vis</strong></span> <span class='ocrx_word' id='word_1_29' title='bbox 1933 1131 1967 1212; x_wconf 85' lang='lat' dir='ltr'><strong>i·</strong></span> 
     </span>
     <span class='ocr_line' id='line_1_5' title="bbox 310 1243 1966 1357; baseline 0.002 -31"><span class='ocrx_word' id='word_1_30' title='bbox 310 1243 546 1349; x_wconf 77' lang='lat' dir='ltr'><strong>aiensibus,</strong></span> <span class='ocrx_word' id='word_1_31' title='bbox 567 1273 618 1328; x_wconf 88' lang='lat' dir='ltr'><strong>ac</strong></span> <span class='ocrx_word' id='word_1_32' title='bbox 640 1244 733 1352; x_wconf 84' lang='lat' dir='ltr'><strong>alijs</strong></span> <span class='ocrx_word' id='word_1_33' title='bbox 753 1243 897 1330; x_wconf 81' lang='lat' dir='ltr'><strong>multis</strong></span> <span class='ocrx_word' id='word_1_34' title='bbox 918 1248 1071 1334; x_wconf 82' lang='lat' dir='ltr'><strong>nostris</strong></span> <span class='ocrx_word' id='word_1_35' title='bbox 1092 1246 1289 1332; x_wconf 87' lang='lat' dir='ltr'><strong>fidelibus</strong></span> <span class='ocrx_word' id='word_1_36' title='bbox 1319 1246 1559 1357; x_wconf 84' lang='lat' dir='ltr'><strong>fidedignis.</strong></span> <span class='ocrx_word' id='word_1_37' title='bbox 1604 1245 1761 1330; x_wconf 86' lang='lat' dir='ltr'><strong>Datum</strong></span> <span class='ocrx_word' id='word_1_38' title='bbox 1783 1275 1858 1356; x_wconf 86' lang='lat' dir='ltr'><strong>per</strong></span> <span class='ocrx_word' id='word_1_39' title='bbox 1876 1276 1966 1332; x_wconf 87' lang='lat' dir='ltr'><strong>ma·</strong></span> 
     </span>
     <span class='ocr_line' id='line_1_6' title="bbox 311 1363 1967 1476; baseline 0.002 -30"><span class='ocrx_word' id='word_1_40' title='bbox 311 1387 390 1447; x_wconf 87' lang='lat' dir='ltr'><strong>nus</strong></span> <span class='ocrx_word' id='word_1_41' title='bbox 411 1363 667 1468; x_wconf 85' lang='lat' dir='ltr'><strong>honorabilis</strong></span> <span class='ocrx_word' id='word_1_42' title='bbox 688 1365 766 1451; x_wconf 79' lang='lat' dir='ltr'><strong>‚viri</strong></span> <span class='ocrx_word' id='word_1_43' title='bbox 788 1364 943 1450; x_wconf 90' lang='lat' dir='ltr'><strong>domini</strong></span> <span class='ocrx_word' id='word_1_44' title='bbox 977 1364 1172 1452; x_wconf 85' lang='lat' dir='ltr'><strong>Za&#39;clioze</strong></span> <span class='ocrx_word' id='word_1_45' title='bbox 1206 1367 1407 1476; x_wconf 80' lang='lat' dir='ltr'><strong>prepositi</strong></span> <span class='ocrx_word' id='word_1_46' title='bbox 1446 1365 1809 1452; x_wconf 82' lang='lat' dir='ltr'><strong>Sandomiriensis.</strong></span> <span class='ocrx_word' id='word_1_47' title='bbox 1859 1363 1967 1450; x_wconf 83' lang='lat' dir='ltr'><strong>Aule</strong></span> 
     </span>
     <span class='ocr_line' id='line_1_7' title="bbox 311 1474 749 1593; baseline 0.005 -27"><span class='ocrx_word' id='word_1_48' title='bbox 311 1474 458 1593; x_wconf 76' lang='lat' dir='ltr'><strong>nostre</strong></span> <span class='ocrx_word' id='word_1_49' title='bbox 481 1481 749 1592; x_wconf 78' lang='lat' dir='ltr'><strong>Oanceflarij.</strong></span> 
     </span>
    </p>
   </div>
   <div class='ocr_carea' id='block_1_3' title="bbox 1059 1889 1229 2010">
    <p class='ocr_par' dir='ltr' id='par_1_3' title="bbox 1059 1889 1229 2010">
     <span class='ocr_line' id='line_1_8' title="bbox 1059 1889 1229 2010; baseline -0.012 0"><span class='ocrx_word' id='word_1_50' title='bbox 1059 1889 1229 2010; x_wconf 76' lang='lat' dir='ltr'><strong>CLXX.</strong></span> 
     </span>
    </p>
   </div>
   <div class='ocr_carea' id='block_1_4' title="bbox 432 2143 1846 2462">
    <p class='ocr_par' dir='ltr' id='par_1_4' title="bbox 432 2143 1846 2462">
     <span class='ocr_line' id='line_1_9' title="bbox 432 2143 1846 2252; baseline 0.004 -22"><span class='ocrx_word' id='word_1_51' title='bbox 432 2149 502 2230; x_wconf 79' lang='lat' dir='ltr'><strong>In</strong></span> <span class='ocrx_word' id='word_1_52' title='bbox 518 2143 668 2230; x_wconf 72' lang='lat' dir='ltr'><strong>uitta</strong></span> <span class='ocrx_word' id='word_1_53' title='bbox 682 2143 1206 2252; x_wconf 66' lang='lat' dir='ltr'><strong>metaurenses-n</strong></span> <span class='ocrx_word' id='word_1_54' title='bbox 1223 2148 1497 2234; x_wconf 70' lang='lat' dir='ltr'><strong>sunuartt</strong></span> <span class='ocrx_word' id='word_1_55' title='bbox 1513 2143 1660 2236; x_wconf 75' lang='grc'><strong>1386</strong></span> <span class='ocrx_word' id='word_1_56' title='bbox 1679 2169 1846 2234; x_wconf 79' lang='lat' dir='ltr'><strong>nuno.</strong></span> 
     </span>
     <span class='ocr_line' id='line_1_10' title="bbox 699 2367 1580 2462; baseline 0.006 -22"><span class='ocrx_word' id='word_1_57' title='bbox 699 2367 836 2461; x_wconf 75' lang='lat' dir='ltr'><strong>bipinne</strong></span> <span class='ocrx_word' id='word_1_58' title='bbox 852 2369 968 2462; x_wconf 68' lang='lat' dir='ltr'><strong>prinae</strong></span> <span class='ocrx_word' id='word_1_59' title='bbox 984 2367 1104 2444; x_wconf 83' lang='lat' dir='ltr'><strong>unionis</strong></span> <span class='ocrx_word' id='word_1_60' title='bbox 1118 2367 1257 2444; x_wconf 75' lang='lat' dir='ltr'><strong>rotome</strong></span> <span class='ocrx_word' id='word_1_61' title='bbox 1271 2383 1340 2442; x_wconf 83' lang='lat' dir='ltr'><strong>cm</strong></span> <span class='ocrx_word' id='word_1_62' title='bbox 1354 2369 1513 2444; x_wconf 76' lang='lat' dir='ltr'><strong>tittmnit</strong></span> <span class='ocrx_word' id='word_1_63' title='bbox 1530 2371 1580 2454; x_wconf 80' lang='lat'>(¹)-</span> 
     </span>
    </p>
   </div>
   <div class='ocr_carea' id='block_1_5' title="bbox 200 2569 1967 3762">
    <p class='ocr_par' dir='ltr' id='par_1_5' title="bbox 200 2569 1967 3762">
     <span class='ocr_line' id='line_1_11' title="bbox 310 2569 1965 2690; baseline 0.001 -29"><span class='ocrx_word' id='word_1_64' title='bbox 310 2629 313 2634; x_wconf 90' lang='lat'>·</span> <span class='ocrx_word' id='word_1_65' title='bbox 412 2569 502 2662; x_wconf 86' lang='lat' dir='ltr'><strong>Nos</strong></span> <span class='ocrx_word' id='word_1_66' title='bbox 523 2575 706 2662; x_wconf 81' lang='lat' dir='ltr'><strong>Wlodko</strong></span> <span class='ocrx_word' id='word_1_67' title='bbox 739 2578 1001 2690; x_wconf 82' lang='lat' dir='ltr'><strong>Capitancus</strong></span> <span class='ocrx_word' id='word_1_68' title='bbox 1030 2577 1298 2664; x_wconf 87' lang='lat' dir='ltr'><strong>Luhlinensis</strong></span> <span class='ocrx_word' id='word_1_69' title='bbox 1334 2577 1484 2662; x_wconf 83' lang='lat' dir='ltr'><strong>Petrus</strong></span> <span class='ocrx_word' id='word_1_70' title='bbox 1505 2576 1744 2662; x_wconf 80' lang='lat' dir='ltr'><strong>ssairanecz</strong></span> <span class='ocrx_word' id='word_1_71' title='bbox 1765 2577 1965 2664; x_wconf 76' lang='lat' dir='ltr'><strong>Subdob-</strong></span> 
     </span>
     <span class='ocr_line' id='line_1_12' title="bbox 200 2695 1965 2809; baseline 0.002 -31"><span class='ocrx_word' id='word_1_72' title='bbox 200 2724 201 2730; x_wconf 45' lang='lat'>¹</span> <span class='ocrx_word' id='word_1_73' title='bbox 309 2721 381 2778; x_wconf 84' lang='lat' dir='ltr'><strong>rus</strong></span> <span class='ocrx_word' id='word_1_74' title='bbox 393 2695 492 2809; x_wconf 84' lang='lat' dir='ltr'><strong>(sic)</strong></span> <span class='ocrx_word' id='word_1_75' title='bbox 505 2695 813 2782; x_wconf 85' lang='lat' dir='ltr'><strong>Oracouiensis.</strong></span> <span class='ocrx_word' id='word_1_76' title='bbox 851 2697 1051 2783; x_wconf 77' lang='lat' dir='ltr'><strong>Nicotaus</strong></span> <span class='ocrx_word' id='word_1_77' title='bbox 1069 2698 1335 2783; x_wconf 72' lang='lat' dir='ltr'><strong>(instellanus</strong></span> <span class='ocrx_word' id='word_1_78' title='bbox 1352 2697 1684 2783; x_wconf 84' lang='lat' dir='ltr'><strong>zauichostcnsis</strong></span> <span class='ocrx_word' id='word_1_79' title='bbox 1702 2706 1744 2780; x_wconf 83' lang='lat' dir='ltr'><strong>et</strong></span> <span class='ocrx_word' id='word_1_80' title='bbox 1760 2698 1965 2785; x_wconf 84' lang='lat' dir='ltr'><strong>Oristinus</strong></span> 
     </span>
     <span class='ocr_line' id='line_1_13' title="bbox 309 2814 1965 2926; baseline 0.004 -30"><span class='ocrx_word' id='word_1_81' title='bbox 309 2823 425 2897; x_wconf 81' lang='lat' dir='ltr'><strong>tutur</strong></span> <span class='ocrx_word' id='word_1_82' title='bbox 441 2814 540 2926; x_wconf 85' lang='lat' dir='ltr'><strong>(sic)</strong></span> <span class='ocrx_word' id='word_1_83' title='bbox 555 2814 757 2900; x_wconf 85' lang='lat' dir='ltr'><strong>Kazimiri</strong></span> <span class='ocrx_word' id='word_1_84' title='bbox 778 2817 935 2901; x_wconf 87' lang='lat' dir='ltr'><strong>Notum</strong></span> <span class='ocrx_word' id='word_1_85' title='bbox 965 2816 1143 2900; x_wconf 84' lang='lat' dir='ltr'><strong>facimus</strong></span> <span class='ocrx_word' id='word_1_86' title='bbox 1173 2817 1378 2900; x_wconf 77' lang='lat' dir='ltr'><strong>uniuersis</strong></span> <span class='ocrx_word' id='word_1_87' title='bbox 1398 2819 1662 2926; x_wconf 90' lang='lat' dir='ltr'><strong>presencium</strong></span> <span class='ocrx_word' id='word_1_88' title='bbox 1682 2817 1881 2902; x_wconf 82' lang='lat' dir='ltr'><strong>noticiam</strong></span> <span class='ocrx_word' id='word_1_89' title='bbox 1900 2820 1965 2902; x_wconf 90' lang='lat' dir='ltr'><strong>in·</strong></span> 
     </span>
     <span class='ocr_line' id='line_1_14' title="bbox 309 2929 1963 3047; baseline 0.004 -31"><span class='ocrx_word' id='word_1_90' title='bbox 309 2935 516 3042; x_wconf 76' lang='lat' dir='ltr'><strong>spectruis</strong></span> <span class='ocrx_word' id='word_1_91' title='bbox 547 2929 674 3035; x_wconf 82' lang='lat' dir='ltr'><strong>Quod</strong></span> <span class='ocrx_word' id='word_1_92' title='bbox 702 2933 808 3018; x_wconf 85' lang='lat' dir='ltr'><strong>feria</strong></span> <span class='ocrx_word' id='word_1_93' title='bbox 838 2937 987 3046; x_wconf 86' lang='lat' dir='ltr'><strong>quinta</strong></span> <span class='ocrx_word' id='word_1_94' title='bbox 1025 2935 1134 3021; x_wconf 77' lang='lat' dir='ltr'><strong>inira</strong></span> <span class='ocrx_word' id='word_1_95' title='bbox 1156 2933 1343 3020; x_wconf 86' lang='lat' dir='ltr'><strong>Octauas</strong></span> <span class='ocrx_word' id='word_1_96' title='bbox 1384 2935 1619 3047; x_wconf 81' lang='lat' dir='ltr'><strong>Epiphanie</strong></span> <span class='ocrx_word' id='word_1_97' title='bbox 1662 2937 1818 3022; x_wconf 92' lang='lat' dir='ltr'><strong>domini</strong></span> <span class='ocrx_word' id='word_1_98' title='bbox 1838 2935 1963 3022; x_wconf 81' lang='lat' dir='ltr'><strong>Anno</strong></span> 
     </span>
     <span class='ocr_line' id='line_1_15' title="bbox 310 3053 1965 3166; baseline 0.003 -30"><span class='ocrx_word' id='word_1_99' title='bbox 310 3053 498 3136; x_wconf 89' lang='lat' dir='ltr'><strong>eiusdem</strong></span> <span class='ocrx_word' id='word_1_100' title='bbox 515 3053 675 3139; x_wconf 88' lang='lat' dir='ltr'><strong>domini</strong></span> <span class='ocrx_word' id='word_1_101' title='bbox 696 3055 761 3139; x_wconf 77' lang='grc' dir='ltr'><strong>Μο</strong></span> <span class='ocrx_word' id='word_1_102' title='bbox 782 3054 918 3141; x_wconf 68' lang='grc'><strong>0000</strong></span> <span class='ocrx_word' id='word_1_103' title='bbox 936 3055 1127 3140; x_wconf 86' lang='lat' dir='ltr'>LXXX⁰</span> <span class='ocrx_word' id='word_1_104' title='bbox 1147 3067 1265 3141; x_wconf 88' lang='lat' dir='ltr'><strong>sexto</strong></span> <span class='ocrx_word' id='word_1_105' title='bbox 1282 3053 1366 3138; x_wconf 75' lang='lat' dir='ltr'><strong>‘Ad</strong></span> <span class='ocrx_word' id='word_1_106' title='bbox 1384 3055 1712 3140; x_wconf 88' lang='lat' dir='ltr'><strong>Invictissimum</strong></span> <span class='ocrx_word' id='word_1_107' title='bbox 1732 3057 1965 3166; x_wconf 89' lang='lat' dir='ltr'><strong>principem</strong></span> 
     </span>
     <span class='ocr_line' id='line_1_16' title="bbox 308 3169 1965 3284; baseline 0.002 -28"><span class='ocrx_word' id='word_1_108' title='bbox 308 3169 566 3284; x_wconf 82' lang='lat' dir='ltr'><strong>dagalonem</strong></span> <span class='ocrx_word' id='word_1_109' title='bbox 589 3173 656 3256; x_wconf 91' lang='lat' dir='ltr'><strong>dei</strong></span> <span class='ocrx_word' id='word_1_110' title='bbox 678 3175 825 3284; x_wconf 79' lang='lat' dir='ltr'>gracia</span> <span class='ocrx_word' id='word_1_111' title='bbox 840 3203 1048 3258; x_wconf 91' lang='lat' dir='ltr'><strong>summum</strong></span> <span class='ocrx_word' id='word_1_112' title='bbox 1071 3177 1222 3259; x_wconf 89' lang='lat' dir='ltr'><strong>ducem</strong></span> <span class='ocrx_word' id='word_1_113' title='bbox 1236 3175 1524 3280; x_wconf 85' lang='lat' dir='ltr'><strong>Litvanorum,</strong></span> <span class='ocrx_word' id='word_1_114' title='bbox 1541 3184 1585 3257; x_wconf 86' lang='lat' dir='ltr'><strong>ct</strong></span> <span class='ocrx_word' id='word_1_115' title='bbox 1599 3173 1750 3258; x_wconf 88' lang='lat' dir='ltr'><strong>Russie</strong></span> <span class='ocrx_word' id='word_1_116' title='bbox 1767 3175 1965 3260; x_wconf 85' lang='lat' dir='ltr'><strong>heredem</strong></span> 
     </span>
     <span class='ocr_line' id='line_1_17' title="bbox 308 3291 1967 3404; baseline 0.004 -33"><span class='ocrx_word' id='word_1_117' title='bbox 308 3317 406 3372; x_wconf 90' lang='lat' dir='ltr'><strong>cum</strong></span> <span class='ocrx_word' id='word_1_118' title='bbox 446 3291 738 3401; x_wconf 82' lang='lat' dir='ltr'><strong>legacionibus</strong></span> <span class='ocrx_word' id='word_1_119' title='bbox 778 3292 976 3378; x_wconf 89' lang='lat' dir='ltr'>nobilium</span> <span class='ocrx_word' id='word_1_120' title='bbox 1017 3311 1237 3404; x_wconf 87' lang='lat' dir='ltr'><strong>procerum</strong></span> <span class='ocrx_word' id='word_1_121' title='bbox 1279 3295 1482 3378; x_wconf 85' lang='lat' dir='ltr'><strong>maiorum</strong></span> <span class='ocrx_word' id='word_1_122' title='bbox 1523 3295 1679 3404; x_wconf 84' lang='lat' dir='ltr'><strong>pariter</strong></span> <span class='ocrx_word' id='word_1_123' title='bbox 1700 3305 1742 3378; x_wconf 88' lang='lat' dir='ltr'><strong>et</strong></span> <span class='ocrx_word' id='word_1_124' title='bbox 1761 3294 1967 3378; x_wconf 93' lang='lat' dir='ltr'><strong>minorum</strong></span> 
     </span>
     <span class='ocr_line' id='line_1_18' title="bbox 309 3411 1966 3526; baseline 0.004 -36"><span class='ocrx_word' id='word_1_125' title='bbox 309 3433 475 3491; x_wconf 79' lang='lat' dir='ltr'><strong>necnon</strong></span> <span class='ocrx_word' id='word_1_126' title='bbox 495 3419 585 3492; x_wconf 89' lang='lat' dir='ltr'><strong>tote</strong></span> <span class='ocrx_word' id='word_1_127' title='bbox 608 3411 921 3493; x_wconf 80' lang='lat' dir='ltr'><strong>communitatis</strong></span> <span class='ocrx_word' id='word_1_128' title='bbox 944 3412 1113 3524; x_wconf 87' lang='lat' dir='ltr'><strong>Rengni</strong></span> <span class='ocrx_word' id='word_1_129' title='bbox 1136 3412 1233 3526; x_wconf 87' lang='lat' dir='ltr'><strong>(sic)</strong></span> <span class='ocrx_word' id='word_1_130' title='bbox 1250 3411 1434 3497; x_wconf 89' lang='lat' dir='ltr'><strong>Polonic.</strong></span> <span class='ocrx_word' id='word_1_131' title='bbox 1456 3441 1551 3496; x_wconf 91' lang='lat' dir='ltr'><strong>cum</strong></span> <span class='ocrx_word' id='word_1_132' title='bbox 1572 3415 1699 3498; x_wconf 89' lang='lat' dir='ltr'><strong>literis</strong></span> <span class='ocrx_word' id='word_1_133' title='bbox 1721 3412 1966 3496; x_wconf 89' lang='lat' dir='ltr'><strong>credencia·</strong></span> 
     </span>
     <span class='ocr_line' id='line_1_19' title="bbox 307 3525 1964 3642; baseline -0.001 -29"><span class='ocrx_word' id='word_1_134' title='bbox 307 3525 420 3613; x_wconf 82' lang='lat' dir='ltr'><strong>libus</strong></span> <span class='ocrx_word' id='word_1_135' title='bbox 456 3528 651 3642; x_wconf 84' lang='lat' dir='ltr'><strong>videlicet</strong></span> <span class='ocrx_word' id='word_1_136' title='bbox 686 3526 951 3614; x_wconf 87' lang='lat' dir='ltr'><strong>Serenissimi</strong></span> <span class='ocrx_word' id='word_1_137' title='bbox 986 3533 1184 3642; x_wconf 91' lang='lat' dir='ltr'><strong>principis</strong></span> <span class='ocrx_word' id='word_1_138' title='bbox 1215 3531 1407 3616; x_wconf 87' lang='lat' dir='ltr'><strong>Ladislai</strong></span> <span class='ocrx_word' id='word_1_139' title='bbox 1442 3533 1589 3616; x_wconf 88' lang='lat' dir='ltr'><strong>eadem</strong></span> <span class='ocrx_word' id='word_1_140' title='bbox 1614 3534 1680 3616; x_wconf 92' lang='lat' dir='ltr'><strong>dei</strong></span> <span class='ocrx_word' id='word_1_141' title='bbox 1701 3531 1964 3642; x_wconf 78' lang='lat' dir='ltr'><strong>gracianum</strong></span> 
     </span>
     <span class='ocr_line' id='line_1_20' title="bbox 309 3645 1967 3762; baseline 0.002 -34"><span class='ocrx_word' id='word_1_142' title='bbox 309 3675 407 3752; x_wconf 85' lang='lat' dir='ltr'><strong>una,</strong></span> <span class='ocrx_word' id='word_1_143' title='bbox 428 3655 471 3729; x_wconf 80' lang='lat' dir='ltr'><strong>et</strong></span> <span class='ocrx_word' id='word_1_144' title='bbox 492 3648 720 3732; x_wconf 87' lang='lat' dir='ltr'><strong>eorundem</strong></span> <span class='ocrx_word' id='word_1_145' title='bbox 732 3645 943 3732; x_wconf 83' lang='lat' dir='ltr'><strong>nobilium</strong></span> <span class='ocrx_word' id='word_1_146' title='bbox 963 3659 1289 3762; x_wconf 82' lang='lat' dir='ltr'><strong>mangnatorum</strong></span> <span class='ocrx_word' id='word_1_147' title='bbox 1312 3649 1411 3762; x_wconf 89' lang='lat' dir='ltr'><strong>(sic)</strong></span> <span class='ocrx_word' id='word_1_148' title='bbox 1432 3650 1601 3761; x_wconf 86' lang='lat' dir='ltr'><strong>Rengni</strong></span> <span class='ocrx_word' id='word_1_149' title='bbox 1621 3649 1829 3761; x_wconf 80' lang='lat' dir='ltr'><strong>praedicti</strong></span> <span class='ocrx_word' id='word_1_150' title='bbox 1846 3647 1967 3732; x_wconf 85' lang='lat' dir='ltr'><strong>litera</strong></span> 
     </span>
    </p>
   </div>
   <div class='ocr_carea' id='block_1_6' title="bbox 187 3907 1972 4860">
    <p class='ocr_par' dir='ltr' id='par_1_6' title="bbox 412 3907 1965 4000">
     <span class='ocr_line' id='line_1_21' title="bbox 412 3907 1965 4000; baseline 0.004 -26"><span class='ocrx_word' id='word_1_151' title='bbox 412 3911 454 3992; x_wconf 78' lang='lat'><strong>(¹)</strong></span> <span class='ocrx_word' id='word_1_152' title='bbox 478 3907 605 3976; x_wconf 81' lang='lat' dir='ltr'><strong>Tabula</strong></span> <span class='ocrx_word' id='word_1_153' title='bbox 619 3909 699 3977; x_wconf 77' lang='lat' dir='ltr'><strong>haec</strong></span> <span class='ocrx_word' id='word_1_154' title='bbox 715 3913 826 4000; x_wconf 79' lang='lat' dir='ltr'><strong>magni</strong></span> <span class='ocrx_word' id='word_1_155' title='bbox 840 3913 994 3978; x_wconf 80' lang='lat' dir='ltr'><strong>momenti</strong></span> <span class='ocrx_word' id='word_1_156' title='bbox 1008 3935 1075 3977; x_wconf 90' lang='lat' dir='ltr'><strong>non</strong></span> <span class='ocrx_word' id='word_1_157' title='bbox 1090 3911 1132 3978; x_wconf 83' lang='lat' dir='ltr'><strong>sd</strong></span> <span class='ocrx_word' id='word_1_158' title='bbox 1147 3909 1292 3977; x_wconf 88' lang='lat' dir='ltr'><strong>codicem</strong></span> <span class='ocrx_word' id='word_1_159' title='bbox 1314 3909 1345 3976; x_wconf 90' lang='lat' dir='ltr'><strong>di</strong></span> <span class='ocrx_word' id='word_1_160' title='bbox 1370 3910 1557 3976; x_wconf 83' lang='lat' dir='ltr'><strong>lomaticnm</strong></span> <span class='ocrx_word' id='word_1_161' title='bbox 1579 3909 1720 3977; x_wconf 76' lang='lat' dir='ltr'><strong>Minoris</strong></span> <span class='ocrx_word' id='word_1_162' title='bbox 1735 3911 1892 3978; x_wconf 87' lang='lat' dir='ltr'><strong>Polouiac</strong></span> <span class='ocrx_word' id='word_1_163' title='bbox 1907 3911 1965 3980; x_wconf 86' lang='lat' dir='ltr'><strong>sed</strong></span> 
     </span>
    </p>

    <p class='ocr_par' dir='ltr' id='par_1_7' title="bbox 187 3934 1972 4510">
     <span class='ocr_line' id='line_1_22' title="bbox 309 3934 1963 4088; baseline 0.002 -28"><span class='ocrx_word' id='word_1_164' title='bbox 309 3993 354 4060; x_wconf 75' lang='lat' dir='ltr'><strong>sd</strong></span> <span class='ocrx_word' id='word_1_165' title='bbox 368 3995 684 4088; x_wconf 20' lang='lat' dir='ltr'><strong>totam-Polonornrn</strong></span> <span class='ocrx_word' id='word_1_166' title='bbox 700 3997 868 4085; x_wconf 83' lang='lat' dir='ltr'><strong>antiquam</strong></span> <span class='ocrx_word' id='word_1_167' title='bbox 882 3998 1128 4084; x_wconf 82' lang='lat' dir='ltr'><strong>Rempublicam</strong></span> <span class='ocrx_word' id='word_1_168' title='bbox 1166 3995 1295 4062; x_wconf 87' lang='lat' dir='ltr'><strong>ertinet.</strong></span> <span class='ocrx_word' id='word_1_169' title='bbox 1315 3934 1428 4062; x_wconf 77' lang='lat' dir='ltr'><strong>Edidit</strong></span> <span class='ocrx_word' id='word_1_170' title='bbox 1441 3995 1530 4062; x_wconf 87' lang='lat' dir='ltr'><strong>iliam</strong></span> <span class='ocrx_word' id='word_1_171' title='bbox 1545 3997 1666 4062; x_wconf 87' lang='lat' dir='ltr'><strong>nostris</strong></span> <span class='ocrx_word' id='word_1_172' title='bbox 1678 3998 1745 4082; x_wconf 87' lang='lat' dir='ltr'><strong>jam</strong></span> <span class='ocrx_word' id='word_1_173' title='bbox 1759 3995 1963 4084; x_wconf 81' lang='lat' dir='ltr'><strong>temporibus</strong></span> 
     </span>
     <span class='ocr_line' id='line_1_23' title="bbox 187 4021 1963 4182; baseline 0.004 -41"><span class='ocrx_word' id='word_1_174' title='bbox 187 4131 189 4141; x_wconf 93' lang='lat'><em>.</em></span> <span class='ocrx_word' id='word_1_175' title='bbox 312 4079 443 4147; x_wconf 76' lang='lat' dir='ltr'><strong>carolus</strong></span> <span class='ocrx_word' id='word_1_176' title='bbox 467 4079 649 4180; x_wconf 77' lang='lat' dir='ltr'><strong>Szajnocha</strong></span> <span class='ocrx_word' id='word_1_177' title='bbox 663 4079 697 4150; x_wconf 91' lang='lat' dir='ltr'><strong>in</strong></span> <span class='ocrx_word' id='word_1_178' title='bbox 713 4106 812 4170; x_wconf 88' lang='lat' dir='ltr'><strong>opere</strong></span> <span class='ocrx_word' id='word_1_179' title='bbox 827 4079 1009 4169; x_wconf 76' lang='lat' dir='ltr'><strong>„‚Jadwiga</strong></span> <span class='ocrx_word' id='word_1_180' title='bbox 1023 4081 1035 4148; x_wconf 92' lang='lat' dir='ltr'><strong>i</strong></span> <span class='ocrx_word' id='word_1_181' title='bbox 1048 4021 1214 4182; x_wconf 56' lang='lat' dir='ltr'><strong>dagiehiffl</strong></span> <span class='ocrx_word' id='word_1_182' title='bbox 1238 4082 1324 4147; x_wconf 87' lang='lat' dir='ltr'><strong>inter</strong></span> <span class='ocrx_word' id='word_1_183' title='bbox 1340 4079 1634 4180; x_wconf 73' lang='lat' dir='ltr'><strong>additionesTomi</strong></span> <span class='ocrx_word' id='word_1_184' title='bbox 1649 4081 1794 4158; x_wconf 83' lang='lat' dir='ltr'><strong>secundi,</strong></span> <span class='ocrx_word' id='word_1_185' title='bbox 1833 4105 1885 4172; x_wconf 83' lang='lat' dir='ltr'><strong>ag.</strong></span> <span class='ocrx_word' id='word_1_186' title='bbox 1901 4083 1963 4148; x_wconf 78' lang='lat'><strong>393</strong></span> 
     </span>
     <span class='ocr_line' id='line_1_24' title="bbox 310 4106 1961 4267; baseline 0.003 -38"><span class='ocrx_word' id='word_1_187' title='bbox 310 4167 426 4230; x_wconf 83' lang='lat'><strong>-394.</strong></span> <span class='ocrx_word' id='word_1_188' title='bbox 464 4166 647 4251; x_wconf 78' lang='lat' dir='ltr'><strong>SnaJnocha</strong></span> <span class='ocrx_word' id='word_1_189' title='bbox 661 4167 836 4257; x_wconf 78' lang='lat' dir='ltr'><strong>descripsit</strong></span> <span class='ocrx_word' id='word_1_190' title='bbox 850 4170 948 4243; x_wconf 88' lang='lat' dir='ltr'><strong>illam,</strong></span> <span class='ocrx_word' id='word_1_191' title='bbox 963 4179 998 4234; x_wconf 85' lang='lat' dir='ltr'><strong>ut</strong></span> <span class='ocrx_word' id='word_1_192' title='bbox 1013 4180 1129 4234; x_wconf 77' lang='lat' dir='ltr'><strong>asserit</strong></span> <span class='ocrx_word' id='word_1_193' title='bbox 1143 4169 1224 4267; x_wconf 85' lang='lat' dir='ltr'><strong>ipse,</strong></span> <span class='ocrx_word' id='word_1_194' title='bbox 1240 4189 1280 4232; x_wconf 82' lang='lat' dir='ltr'><strong>ex</strong></span> <span class='ocrx_word' id='word_1_195' title='bbox 1296 4166 1465 4232; x_wconf 83' lang='lat' dir='ltr'><strong>Thesauro</strong></span> <span class='ocrx_word' id='word_1_196' title='bbox 1483 4167 1657 4236; x_wconf 78' lang='lat' dir='ltr'><strong>universal·</strong></span> <span class='ocrx_word' id='word_1_197' title='bbox 1694 4167 1800 4255; x_wconf 78' lang='lat' dir='ltr'><strong>Regni</strong></span> <span class='ocrx_word' id='word_1_198' title='bbox 1810 4106 1864 4234; x_wconf 62' lang='lat' dir='ltr'><strong>hh</strong></span> <span class='ocrx_word' id='word_1_199' title='bbox 1881 4169 1913 4251; x_wconf 79' lang='grc'><strong>3,</strong></span> <span class='ocrx_word' id='word_1_200' title='bbox 1927 4167 1961 4234; x_wconf 89' lang='lat' dir='ltr'><strong>id</strong></span> 
     </span>
     <span class='ocr_line' id='line_1_25' title="bbox 309 4249 1962 4339; baseline 0.004 -26"><span class='ocrx_word' id='word_1_201' title='bbox 309 4258 360 4314; x_wconf 89' lang='lat' dir='ltr'><strong>cst</strong></span> <span class='ocrx_word' id='word_1_202' title='bbox 374 4271 415 4314; x_wconf 81' lang='lat' dir='ltr'><strong>ex</strong></span> <span class='ocrx_word' id='word_1_203' title='bbox 428 4249 520 4316; x_wconf 90' lang='lat' dir='ltr'><strong>libris</strong></span> <span class='ocrx_word' id='word_1_204' title='bbox 535 4273 630 4316; x_wconf 83' lang='lat' dir='ltr'><strong>manu</strong></span> <span class='ocrx_word' id='word_1_205' title='bbox 645 4252 778 4338; x_wconf 86' lang='lat' dir='ltr'><strong>scriptis</strong></span> <span class='ocrx_word' id='word_1_206' title='bbox 804 4253 1028 4322; x_wconf 83' lang='lat' dir='ltr'><strong>Bibliothecae</strong></span> <span class='ocrx_word' id='word_1_207' title='bbox 1052 4251 1279 4321; x_wconf 83' lang='lat' dir='ltr'><strong>Ossolrnianae</strong></span> <span class='ocrx_word' id='word_1_208' title='bbox 1308 4251 1535 4338; x_wconf 84' lang='lat' dir='ltr'><strong>Leopoliensis</strong></span> <span class='ocrx_word' id='word_1_209' title='bbox 1563 4253 1662 4332; x_wconf 87' lang='lat' dir='ltr'><strong>(conf.</strong></span> <span class='ocrx_word' id='word_1_210' title='bbox 1688 4253 1832 4339; x_wconf 87' lang='lat' dir='ltr'><strong>ejusdem</strong></span> <span class='ocrx_word' id='word_1_211' title='bbox 1854 4253 1962 4338; x_wconf 88' lang='lat' dir='ltr'><strong>operis</strong></span> 
     </span>
     <span class='ocr_line' id='line_1_26' title="bbox 313 4331 1972 4424; baseline 0.002 -25"><span class='ocrx_word' id='word_1_212' title='bbox 313 4331 352 4399; x_wconf 83' lang='grc' dir='ltr'><strong>Τ.</strong></span> <span class='ocrx_word' id='word_1_213' title='bbox 366 4333 408 4409; x_wconf 88' lang='lat'><strong>11,</strong></span> <span class='ocrx_word' id='word_1_214' title='bbox 435 4358 468 4421; x_wconf 89' lang='lat' dir='ltr'><strong>p.</strong></span> <span class='ocrx_word' id='word_1_215' title='bbox 485 4337 572 4415; x_wconf 81' lang='lat'>311).</span> <span class='ocrx_word' id='word_1_216' title='bbox 611 4335 677 4403; x_wconf 87' lang='lat' dir='ltr'><strong>Sed</strong></span> <span class='ocrx_word' id='word_1_217' title='bbox 692 4336 899 4406; x_wconf 87' lang='lat' dir='ltr'><strong>doctissimus</strong></span> <span class='ocrx_word' id='word_1_218' title='bbox 914 4337 1092 4418; x_wconf 81' lang='lat' dir='ltr'><strong>Siawiriski</strong></span> <span class='ocrx_word' id='word_1_219' title='bbox 1106 4337 1220 4404; x_wconf 86' lang='lat' dir='ltr'><strong>habuit</strong></span> <span class='ocrx_word' id='word_1_220' title='bbox 1233 4336 1268 4402; x_wconf 90' lang='lat' dir='ltr'><strong>in</strong></span> <span class='ocrx_word' id='word_1_221' title='bbox 1283 4359 1345 4404; x_wconf 76' lang='lat' dir='ltr'><strong>stra</strong></span> <span class='ocrx_word' id='word_1_222' title='bbox 1357 4359 1454 4402; x_wconf 82' lang='lat' dir='ltr'><strong>manu</strong></span> <span class='ocrx_word' id='word_1_223' title='bbox 1470 4335 1670 4424; x_wconf 82' lang='lat' dir='ltr'><strong>archetypon</strong></span> <span class='ocrx_word' id='word_1_224' title='bbox 1685 4336 1972 4420; x_wconf 85' lang='lat' dir='ltr'><strong>membranaceum</strong></span> 
     </span>
     <span class='ocr_line' id='line_1_27' title="bbox 310 4417 1961 4510; baseline 0.001 -24"><span class='ocrx_word' id='word_1_225' title='bbox 310 4417 441 4486; x_wconf 79' lang='lat' dir='ltr'><strong>tabulae</strong></span> <span class='ocrx_word' id='word_1_226' title='bbox 455 4419 568 4505; x_wconf 83' lang='lat' dir='ltr'><strong>ipsius,</strong></span> <span class='ocrx_word' id='word_1_227' title='bbox 583 4419 653 4488; x_wconf 86' lang='lat' dir='ltr'><strong>sine</strong></span> <span class='ocrx_word' id='word_1_228' title='bbox 666 4419 783 4506; x_wconf 81' lang='lat' dir='ltr'><strong>sigillis</strong></span> <span class='ocrx_word' id='word_1_229' title='bbox 797 4431 916 4508; x_wconf 82' lang='lat' dir='ltr'><strong>tumen,</strong></span> <span class='ocrx_word' id='word_1_230' title='bbox 938 4423 1113 4508; x_wconf 88' lang='lat' dir='ltr'><strong>docuitque</strong></span> <span class='ocrx_word' id='word_1_231' title='bbox 1136 4437 1208 4505; x_wconf 85' lang='lat' dir='ltr'><strong>nos,</strong></span> <span class='ocrx_word' id='word_1_232' title='bbox 1231 4431 1372 4506; x_wconf 85' lang='lat' dir='ltr'><strong>quatuor</strong></span> <span class='ocrx_word' id='word_1_233' title='bbox 1394 4419 1456 4487; x_wconf 83' lang='lat' dir='ltr'><strong>filis</strong></span> <span class='ocrx_word' id='word_1_234' title='bbox 1469 4421 1676 4508; x_wconf 80' lang='lat' dir='ltr'><strong>pergamenis</strong></span> <span class='ocrx_word' id='word_1_235' title='bbox 1692 4419 1768 4486; x_wconf 89' lang='lat' dir='ltr'><strong>olim</strong></span> <span class='ocrx_word' id='word_1_236' title='bbox 1786 4420 1892 4507; x_wconf 81' lang='lat' dir='ltr'><strong>sigilla</strong></span> <span class='ocrx_word' id='word_1_237' title='bbox 1905 4443 1961 4510; x_wconf 85' lang='lat' dir='ltr'><strong>ap·</strong></span> 
     </span>
    </p>

    <p class='ocr_par' dir='ltr' id='par_1_8' title="bbox 335 4525 512 4570">
     <span class='ocr_line' id='line_1_28' title="bbox 335 4525 512 4570; baseline -0.017 0"><span class='ocrx_word' id='word_1_238' title='bbox 335 4525 415 4570; x_wconf 87' lang='lat' dir='ltr'><strong>ensa</strong></span> <span class='ocrx_word' id='word_1_239' title='bbox 429 4525 512 4569; x_wconf 86' lang='lat' dir='ltr'><strong>esse.</strong></span> 
     </span>
    </p>

    <p class='ocr_par' dir='ltr' id='par_1_9' title="bbox 309 4527 1960 4860">
     <span class='ocr_line' id='line_1_29' title="bbox 309 4527 1958 4692; baseline 0.001 -38"><span class='ocrx_word' id='word_1_240' title='bbox 309 4527 334 4591; x_wconf 68' lang='lat' dir='ltr'>p</span> <span class='ocrx_word' id='word_1_241' title='bbox 414 4588 484 4654; x_wconf 81' lang='lat' dir='ltr'><strong>Ina</strong></span> <span class='ocrx_word' id='word_1_242' title='bbox 509 4587 655 4676; x_wconf 80' lang='lat' dir='ltr'><strong>ogrnpho</strong></span> <span class='ocrx_word' id='word_1_243' title='bbox 671 4591 857 4660; x_wconf 84' lang='lat' dir='ltr'><strong>Siawinsoii</strong></span> <span class='ocrx_word' id='word_1_244' title='bbox 873 4591 1054 4659; x_wconf 79' lang='lat' dir='ltr'><strong>invenimus</strong></span> <span class='ocrx_word' id='word_1_245' title='bbox 1075 4592 1240 4658; x_wconf 85' lang='lat' dir='ltr'><strong>variantes</strong></span> <span class='ocrx_word' id='word_1_246' title='bbox 1255 4590 1412 4656; x_wconf 88' lang='lat' dir='ltr'><strong>lectiones</strong></span> <span class='ocrx_word' id='word_1_247' title='bbox 1428 4599 1462 4656; x_wconf 86' lang='lat' dir='ltr'><strong>et</strong></span> <span class='ocrx_word' id='word_1_248' title='bbox 1476 4587 1573 4654; x_wconf 84' lang='lat' dir='ltr'><strong>ortho</strong></span> <span class='ocrx_word' id='word_1_249' title='bbox 1600 4588 1744 4676; x_wconf 86' lang='lat' dir='ltr'><strong>raphiam</strong></span> <span class='ocrx_word' id='word_1_250' title='bbox 1759 4587 1865 4668; x_wconf 79' lang='lat' dir='ltr'><strong>cham,</strong></span> <span class='ocrx_word' id='word_1_251' title='bbox 1880 4609 1958 4692; x_wconf 75' lang='lat' dir='ltr'><strong>pns-</strong></span> 
     </span>
     <span class='ocr_line' id='line_1_30' title="bbox 310 4611 1959 4762; baseline -0.001 -18"><span class='ocrx_word' id='word_1_252' title='bbox 310 4675 433 4744; x_wconf 81' lang='lat' dir='ltr'><strong>simam.</strong></span> <span class='ocrx_word' id='word_1_253' title='bbox 463 4723 467 4730; x_wconf 83' lang='lat'><em>·</em></span> <span class='ocrx_word' id='word_1_254' title='bbox 506 4696 543 4739; x_wconf 89' lang='lat' dir='ltr'><strong>as</strong></span> <span class='ocrx_word' id='word_1_255' title='bbox 558 4675 600 4741; x_wconf 91' lang='lat' dir='ltr'><strong>ob</strong></span> <span class='ocrx_word' id='word_1_256' title='bbox 616 4676 716 4742; x_wconf 85' lang='lat' dir='ltr'><strong>multa</strong></span> <span class='ocrx_word' id='word_1_257' title='bbox 736 4698 853 4743; x_wconf 75' lang='lat' dir='ltr'><strong>oatrses</strong></span> <span class='ocrx_word' id='word_1_258' title='bbox 875 4677 1018 4744; x_wconf 85' lang='lat' dir='ltr'><strong>tabulam</strong></span> <span class='ocrx_word' id='word_1_259' title='bbox 1040 4701 1153 4746; x_wconf 90' lang='lat' dir='ltr'><strong>rursus</strong></span> <span class='ocrx_word' id='word_1_260' title='bbox 1171 4674 1261 4762; x_wconf 88' lang='lat' dir='ltr'><strong>typis</strong></span> <span class='ocrx_word' id='word_1_261' title='bbox 1283 4697 1451 4742; x_wconf 79' lang='lat' dir='ltr'><strong>exaramus</strong></span> <span class='ocrx_word' id='word_1_262' title='bbox 1467 4697 1508 4739; x_wconf 91' lang='lat' dir='ltr'><strong>ex</strong></span> <span class='ocrx_word' id='word_1_263' title='bbox 1522 4611 1701 4760; x_wconf 76' lang='lat' dir='ltr'><strong>archetypo</strong></span> <span class='ocrx_word' id='word_1_264' title='bbox 1724 4674 1959 4743; x_wconf 82' lang='lat' dir='ltr'><strong>Slawinecrano</strong></span> 
     </span>
     <span class='ocr_line' id='line_1_31' title="bbox 310 4757 1960 4860; baseline 0.002 -33"><span class='ocrx_word' id='word_1_265' title='bbox 310 4783 375 4827; x_wconf 90' lang='lat' dir='ltr'><strong>uon</strong></span> <span class='ocrx_word' id='word_1_266' title='bbox 390 4781 431 4826; x_wconf 84' lang='lat' dir='ltr'><strong>cx</strong></span> <span class='ocrx_word' id='word_1_267' title='bbox 446 4759 650 4846; x_wconf 82' lang='lat' dir='ltr'><strong>apographo,</strong></span> <span class='ocrx_word' id='word_1_268' title='bbox 666 4761 715 4827; x_wconf 90' lang='lat' dir='ltr'><strong>uti</strong></span> <span class='ocrx_word' id='word_1_269' title='bbox 730 4761 922 4846; x_wconf 83' lang='lat' dir='ltr'><strong>Szajnochn.</strong></span> <span class='ocrx_word' id='word_1_270' title='bbox 961 4761 1037 4845; x_wconf 88' lang='lat' dir='ltr'><strong>Sed,</strong></span> <span class='ocrx_word' id='word_1_271' title='bbox 1052 4763 1137 4850; x_wconf 93' lang='lat' dir='ltr'><strong>proh</strong></span> <span class='ocrx_word' id='word_1_272' title='bbox 1151 4760 1254 4826; x_wconf 87' lang='lat' dir='ltr'><strong>dolori</strong></span> <span class='ocrx_word' id='word_1_273' title='bbox 1282 4759 1368 4824; x_wconf 89' lang='lat' dir='ltr'><strong>unde</strong></span> <span class='ocrx_word' id='word_1_274' title='bbox 1383 4757 1581 4847; x_wconf 85' lang='lat' dir='ltr'><strong>descriptum</strong></span> <span class='ocrx_word' id='word_1_275' title='bbox 1598 4757 1643 4826; x_wconf 84' lang='lat' dir='ltr'><strong>sit</strong></span> <span class='ocrx_word' id='word_1_276' title='bbox 1658 4758 1871 4860; x_wconf 66' lang='lat' dir='ltr'><strong>apographon</strong></span> <span class='ocrx_word' id='word_1_277' title='bbox 1886 4762 1960 4830; x_wconf 77' lang='lat' dir='ltr'>Sla-</span> 
     </span>
    </p>
   </div>
   <div class='ocr_carea' id='block_1_7' title="bbox 310 4841 2046 5014">
    <p class='ocr_par' dir='ltr' id='par_1_10' title="bbox 310 4841 2046 5014">
     <span class='ocr_line' id='line_1_32' title="bbox 310 4841 2046 4937; baseline 0.002 -21"><span class='ocrx_word' id='word_1_278' title='bbox 310 4845 447 4930; x_wconf 77' lang='lat' dir='ltr'><strong>wir&#39;rscii,</strong></span> <span class='ocrx_word' id='word_1_279' title='bbox 463 4867 525 4916; x_wconf 87' lang='lat' dir='ltr'><strong>nos</strong></span> <span class='ocrx_word' id='word_1_280' title='bbox 539 4842 628 4929; x_wconf 69' lang='lat' dir='ltr'><strong>lutet·</strong></span> <span class='ocrx_word' id='word_1_281' title='bbox 644 4845 817 4915; x_wconf 81' lang='lat' dir='ltr'><strong>verisimile</strong></span> <span class='ocrx_word' id='word_1_282' title='bbox 831 4848 1033 4937; x_wconf 83' lang='lat' dir='ltr'><strong>archetypon</strong></span> <span class='ocrx_word' id='word_1_283' title='bbox 1047 4855 1231 4915; x_wconf 81' lang='lat' dir='ltr'><strong>asservatur</strong></span> <span class='ocrx_word' id='word_1_284' title='bbox 1252 4841 1442 4926; x_wconf 68' lang='lat' dir='ltr'><strong>Staniatciis</strong></span> <span class='ocrx_word' id='word_1_285' title='bbox 1458 4853 1515 4910; x_wconf 87' lang='lat' dir='ltr'><strong>aut</strong></span> <span class='ocrx_word' id='word_1_286' title='bbox 1528 4843 1722 4912; x_wconf 82' lang='lat' dir='ltr'><strong>Dzihowrae</strong></span> <span class='ocrx_word' id='word_1_287' title='bbox 1737 4867 1772 4910; x_wconf 88' lang='lat' dir='ltr'><strong>m</strong></span> <span class='ocrx_word' id='word_1_288' title='bbox 1787 4843 1937 4918; x_wconf 78' lang='lat' dir='ltr'><strong>Gallicis.</strong></span> <span class='ocrx_word' id='word_1_289' title='bbox 2040 4901 2046 4919; x_wconf 84' lang='lat'><em>.</em></span> 
     </span>
     <span class='ocr_line' id='line_1_33' title="bbox 463 4947 1753 5014; baseline -0.001 -21"><span class='ocrx_word' id='word_1_290' title='bbox 463 4949 544 4993; x_wconf 66' lang='grc' dir='ltr'><strong>τοι·</strong></span> <span class='ocrx_word' id='word_1_291' title='bbox 556 4947 598 4992; x_wconf 77' lang='lat' dir='ltr'><strong>m.</strong></span> <span class='ocrx_word' id='word_1_292' title='bbox 1711 4947 1753 5014; x_wconf 69' lang='lat'><strong>43</strong></span> 
     </span>
    </p>
   </div>
   <div class='ocr_carea' id='block_1_8' title="bbox 0 0 2416 5924">
    <p class='ocr_par' dir='ltr' id='par_1_11' title="bbox 0 0 2416 5924">
     <span class='ocr_line' id='line_1_34' title="bbox 0 0 2416 5924; baseline 0 0"><span class='ocrx_word' id='word_1_293' title='bbox 0 0 2416 5924; x_wconf 95' lang='lat' dir='ltr'><strong> </strong></span> 
     </span>
    </p>
   </div>
  </div>
 </body>
</html>
