4856 5932
1141 711 1491 820 'ooo-.

205 923 207 927 y
318 979 320 984 ’
448 950 709 1052 difficultate,
731 955 775 1030 et
792 945 1026 1028 renitenoia
1046 925 1202 1050 nostra,
1223 937 1551 1058 nostrorumqriu
1572 973 1877 1053 successorum,
1899 951 1988 1034 siue
2005 977 2102 1060 pro·

420 1133 422 1138 ,
446 1073 649 1156 curatoris
672 1061 881 1179 generalis
902 1065 1044 1168 nostri,
1066 1065 1136 1146 cui
1157 1063 1336 1150 eundern
1357 1091 1530 1148 censum
1550 1068 1730 1177 predicti
1751 1059 1958 1173 Seniorcs,
1988 1083 2099 1157 tote·
2177 1157 2183 1185 ,

447 1217 530 1301 que
552 1189 719 1275 comuni
720 1191 788 1268 tas
720 1183 1053 1271 tSutorum
1042 1213 1085 1264 ιιι
1109 1180 1313 1268 Crorowr'o
1348 1185 1447 1267 dare
1462 1211 1554 1295 pro
1562 1183 1797 1298 designatis
1838 1191 2098 1328 temporibus

445 1310 579 1394 solent
594 1308 697 1394 ιιι
685 1309 819 1418 rpsius
839 1297 1133 1413 viceprocurat
1135 1304 1217 1389 oris
1248 1301 1416 1414 penitus
1454 1305 1724 1390 cessantibus
1745 1309 1801 1391 ad
1821 1311 2100 1418 pecuniarum

442 1437 679 1515 nostrarum
700 1426 907 1564 regalium
927 1425 1140 1507 racionem
1159 1425 1340 1534 receptis
1360 1423 1719 1536 recognitionibus
1746 1455 1824 1538 per
1842 1439 2099 1514 memoratos

396 1549 403 1556 ’
444 1549 637 1633 Seniores
660 1543 900 1647 Satorum,
889 1567 1176 1683 ipsorumque·
1184 1545 1484 1629 comunitatem
1520 1569 1549 1626 a
1566 1542 1730 1655 prefato
1752 1547 1926 1632 Nicolao
1949 1547 2099 1656 pleba-

442 1693 509 1786 no,
531 1677 606 1750 aut
626 1663 944 1750 successoribus
964 1665 1050 1782 suis
1070 1663 1303 1773 peripsum
1338 1663 1606 1749 Nicolaum
1593 1691 1638 1748 ιιι
1672 1665 1926 1804 ransznr'jcrc
1950 1667 2097 1776 pleba-

386 1845 391 1854 .
442 1815 554 1890 num,
575 1784 695 1870 adid
715 1776 1030 1894 ntprcmissum
1070 1792 1135 1865 est
1169 1784 1324 1867 constit
1307 1785 1473 1867 tuendis
1515 1771 1826 1870 solucionem
1815 1812 1897 1894 1psr
1885 1785 2094 1876 Nicolao

439 1901 620 2028 plebano
639 1902 728 1988 fact
711 1915 800 1988 tam
822 1901 1158 2014 designantibus,
1178 1919 1281 2016 pro
1273 1905 1442 1988 racione
1464 1901 1587 1986 nobis
1609 1931 1705 1988 cum
1736 1903 1912 2013 prefatis
1945 1931 2097 2015 procu-

433 2039 573 2110 ratore
596 2035 670 2110 aut
668 2027 1068 2134 viceproetuatore,
1090 2022 1180 2104 siue
1202 2019 1448 2108 Senioribus
1469 2023 1685 2134 magistris
1705 2025 1921 2108 sutoribus
1955 2025 2097 2111 fienda
2122 2066 2124 2077 s

431 2145 649 2258 ponendis,
673 2145 829 2256 quibus
851 2152 891 2226 ιι
893 2167 963 2224 ιιι
985 2141 1190 2245 volumus,
1212 2165 1263 2223 ao
1283 2143 1320 2225 si
1340 2141 1570 2226 munimine
1599 2141 1736 2254 Sigilli
1771 2148 1902 2228 nostri
1935 2147 2094 2268 regalis

436 2272 577 2349 essent
560 2262 770 2348 ttrobora
752 2271 795 2346 te
816 2271 858 2347 ιι
878 2261 1070 2371 sigillate.
1105 2256 1223 2359 Quos
1247 2261 1418 2370 quidem
1440 2287 1593 2345 census
1629 2264 1816 2345 sedecim
1852 2292 2089 2348 marcarum

440 2409 613 2496 annuos,
635 2382 690 2468 ab
712 2383 824 2468 omni
845 2405 981 2484 onere,
998 2379 1157 2464 tributo
1178 2379 1377 2490 generali,
1411 2383 1477 2466 uel
1497 2383 1749 2492 particulari,
1785 2407 1864 2464 nec
1886 2410 1970 2468 non
1993 2411 2093 2469 con-

319 2505 321 2508 ’
415 2505 673 2589 ¹tribucione
694 2527 963 2617 quacunque,
984 2498 1108 2582 libert
1091 2501 1337 2583 tanimuset
1355 2512 1526 2610 present
1509 2501 1621 2585 tibus
1640 2503 1899 2588 libertamus.
1951 2501 2008 2585 Ει
2030 2507 2093 2586 ni-

441 2622 720 2708 chilominus
708 2647 823 2733 rpsos
847 2645 1010 2724 census,
1049 2617 1251 2727 quamdiu
1270 2647 1346 2730 per
1366 2648 1444 2705 nos
1468 2633 1510 2704 et
1530 2647 1801 2706 successores
1837 2632 2004 2706 nostros
2024 2651 2091 2706 ιι-

439 2743 570 2854 empti
589 2769 673 2828 non
691 2739 856 2846 fuerim,
878 2737 1165 2822 ecclesiastico
1186 2737 1482 2824 subicimust
1438 2769 1462 2824 e
1466 2743 1690 2826 tvolumus
1712 2742 1835 2851 potiri
1857 2740 2091 2854 priuilegio,

437 2863 561 2948 libert
545 2872 629 2946 tate
653 2869 695 2944 ιι
713 2862 989 2948 immunitate.
1038 2855 1153 2942 Oasu
1172 2885 1285 2964 vero,
1318 2885 1404 2968 quo
1424 2861 1467 2942 in
1489 2861 1703 2944 solucione
1741 2861 1968 2946 eorundem
1994 2889 2093 2943 cen-

440 3011 562 3066 suurn
584 2981 770 3066 sedecim
791 3007 1039 3080 marcarum,
1059 2976 1102 3060 in
1125 2987 1212 3061 toto
1233 2978 1331 3060 vel
1319 3009 1362 3061 111
1384 2989 1515 3088 parte,
1537 2979 1689 3090 prefati
1723 2988 1931 3108 procurat
1925 3006 1970 3064 or
2003 2981 2092 3064 siue

437 3104 791 3213 viceprocurator,
813 3110 887 3189 aut
908 3099 1103 3184 Seniores
1120 3097 1313 3210 magistri
1331 3107 1533 3202 sutorum,
1564 3103 1637 3182 ιι
1626 3125 1814 3212 rpsorum
1833 3087 1931 3182 ιοιι
1946 3125 2090 3182 comu-

438 3223 502 3304 nit
505 3249 551 3304 as
484 3219 728 3306 tfuerint
746 3221 910 3307 remissi
945 3226 987 3300 et
1018 3217 1296 3330 negligentes,
1332 3219 1526 3303 omnibus
1563 3220 1748 3302 censuris
1794 3218 2092 3301 ecclesiasticis

438 3367 575 3454 usque
599 3345 654 3426 ad
676 3343 1024 3428 sentenciamt
955 3338 1024 3422 Int
1026 3339 1185 3445 erdicti
1193 3338 1410 3443 inclusiue,
1431 3367 1507 3450 per
1525 3339 1610 3424 loci
1631 3339 1885 3423 ordinarium
1907 3347 1981 3420 aut
2004 3338 2094 3476 ejus

436 3464 705 3574 viceagerent
707 3488 785 3567 em,
805 3463 850 3544 in
872 3484 944 3543 eos
965 3456 1202 3542 monicione
1240 3458 1345 3540 dunt
1327 3465 1456 3563 taxat,
1491 3459 1600 3544 iufra
1620 3485 1695 3542 sex
1717 3459 1879 3542 dierum
1900 3456 2094 3569 spacium

438 3581 711 3691 personaliter
731 3582 830 3666 uel
818 3609 862 3664 ιιι
883 3579 991 3663 facie
1003 3573 1276 3662 ecclesiarum
1297 3578 1602 3687 parochialium
1619 3578 1675 3661 ad
1690 3585 1813 3660 sanct
1815 3605 1885 3659 am
1904 3577 2091 3695 mariam,

438 3711 482 3784 ct
504 3727 647 3786 ornnes
670 3711 793 3785 sanct
796 3727 842 3788 os
862 3699 906 3783 in
929 3695 1147 3783 Cracowia
1165 3698 1460 3806 premittenda,
1502 3701 1591 3782 sine
1629 3698 1778 3829 quavis
1801 3691 2092 3780 concitacione

438 3818 620 3904 ferendis
642 3832 686 3902 et
704 3818 1037 3932 promulgandis
1085 3811 1282 3916 Quibus
1271 3844 1386 3928 rpsos
1406 3843 1588 3928 procura
1590 3828 1733 3922 torem,
1770 3817 1861 3898 siue
1878 3815 2011 3924 ipsius
2032 3816 2094 3898 vi·

441 3949 691 4078 ceprocnrat
693 3967 819 4080 orem,
841 3967 893 4023 ac
916 3939 1110 4024 Seniores
1146 3944 1368 4045 totamque
1405 3939 1704 4022 comunitatem
1746 3943 1946 4038 sutorum,
1987 3931 2091 4015 alias

437 4060 573 4168 quiin
593 4059 809 4167 premissis
830 4057 984 4140 tuerint
1006 4053 1253 4165 culpabiles,
1276 4083 1350 4164 pro
1371 4064 1561 4165 tempore
1593 4058 1698 4140 exist
1700 4085 1752 4140 en
1753 4064 1817 4137 tes
1753 4061 1884 4137 ιιι
1903 4052 2059 4138 alios
2046 4081 2090 4134 m

435 4176 632 4282 tumturn,
654 4179 868 4262 subiectos
890 4173 1210 4258 essevolumus.
1233 4173 1538 4280 etsubicimus,
1569 4178 1625 4259 ad
1654 4175 1912 4260 solucionem
1948 4181 1992 4255 et
2018 4197 2089 4254 ss·
2152 4231 2155 4236 -

435 4293 724 4394 tisfaocioirem
748 4293 935 4378 debitam
956 4289 1260 4402 compellantur
1282 4303 1325 4375 et
1345 4295 1646 4407 astringantur,
1682 4295 1835 4403 quavis
1867 4291 2089 4404 excepcio-

436 4447 490 4500 ne
511 4418 626 4503 duris
647 4417 715 4502 nel
734 4414 847 4522 facti,
871 4423 914 4498 ct
928 4413 1137 4518 con-traria
1174 4411 1443 4497 ordinacione
1465 4423 1623 4498 ιιιιιιιο
1646 4422 1691 4496 ιι
1708 4413 1835 4496 laudo
1855 4414 1899 4493 in
1920 4419 2092 4495 contra-

435 4538 541 4620 rium
591 4537 866 4642 facientibus,
907 4561 991 4617 non
1032 4530 1299 4620 obstantibus
1336 4531 1686 4644 quibuscunque,
1723 4528 1878 4642 quibus
1916 4556 2080 4614 exnunc

435 4665 559 4764 prout
581 4671 746 4764 extunc,
769 4665 812 4741 ιι
832 4663 988 4740 extunc
1009 4661 1135 4766 prout
1158 4679 1322 4736 exnunc
1359 4652 1628 4765 derogamus,
1666 4661 1709 4734 et
1729 4679 1801 4734 eas
1824 4647 2024 4735 obtentas
2046 4658 2090 4730 et

436 4772 686 4860 obtinendas
708 4779 794 4862 suis
815 4772 973 4860 viribus
995 4799 1139 4860 carere
1157 4769 1361 4876 volumus,
1398 4769 1563 4858 nonnisi
1593 4771 1807 4858 solucione
1829 4777 1872 4852 ιι
1854 4765 2088 4854 teatisfac-
