4856 5932
1085 703 1410 778 ·-432-

448 905 556 992 'dum
577 907 741 994 domino
763 905 940 990 Martiuo
959 905 1236 989 ministerialis
1274 905 1363 988 dari
1392 903 1533 1008 debet,
1569 912 1612 986 et
1642 902 1723 987 hoc
1744 905 1787 986 in
1808 903 2096 992 termino'lon·
2193 883 2198 896 ⁸

455 1025 562 1138 glori
583 1027 635 1108 de
654 1024 769 1132 dure,
790 1027 901 1109 Etsi
921 1025 1000 1107 hec
1022 1025 1198 1108 diffinita
1234 1023 1381 1106 diuisio
1404 1022 1758 1108 dominoMartino
1781 1025 2099 1132 quomodolibet

444 1144 753 1254 prohiberetur,
790 1145 905 1253 quod
926 1145 979 1226 ad
1001 1145 1224 1228 Dominum
1261 1142 1540 1252 Capitoneum
1577 1144 1903 1229 Oracouienssm
1940 1144 2098 1230 debeat
2202 1217 2205 1221 .

454 1288 665 1347 recurrere
686 1293 761 1376 pro
785 1262 1023 1347 defensione
1051 1264 1156 1347 Item
1179 1263 1533 1346 sentenciauimus
1571 1262 1687 1371 quod
1718 1262 1923 1347 Dominus
1944 1263 2100 1374 Dopko

409 1451 413 1466 .
453 1383 563 1492 parti
582 1383 792 1494 impensas
812 1382 1032 1466 refundere
1054 1383 1182 1466 debet
1200 1381 1397 1465 videlicet
1433 1381 1792 1491 inscripcioneles‚
1827 1382 1983 1469 solidos
2003 1413 2100 1468 sca-
2227 1379 2229 1387 ’

453 1501 613 1585 binales
635 1515 676 1587 et
697 1503 796 1586 data
817 1503 1165 1604 ministerialibus,
1186 1503 1434 1612 inquantum
1456 1501 1610 1612 Dopko
1625 1513 1787 1610 partem
1804 1504 1989 1611 perscire
2008 1505 2102 1589 nol·

452 1619 513 1704 lat
534 1630 577 1703 et
597 1625 813 1731 signanter
835 1623 981 1704 decem
1003 1621 1157 1707 solidos
1179 1619 1423 1704 Scabinales
1460 1622 1583 1705 bodie
1616 1649 1692 1731 per
1710 1623 1849 1730 ipsum
1870 1621 2099 1706 Dominum

454 1726 680 1824 Martin'um
699 1742 852 1825 iudicio
868 1751 1011 1824 nostro
1034 1743 1167 1846 datos3
1190 1751 1234 1820 et
1255 1741 1336 1822 hoc
1359 1740 1545 1824 similiter
1564 1743 1606 1822 in
1628 1741 1696 1823 dic
1710 1739 1888 1850 longiori
1908 1741 1959 1824 In
1980 1745 2100 1826 cuius

453 1859 736 1944 testimonium
758 1859 897 1971 sigilla
918 1872 1060 1945 nostra
1080 1857 1345 1968 presentibus
1367 1873 1466 1942 sunt
1488 1888 1678 1970 appensa
1712 1859 1870 1942 Datum
1893 1858 2100 1944 Oruocuie

455 1976 559 2062 feria
579 1981 767 2062 secunda
786 1989 884 2091 post
902 1977 1057 2064 festum
1078 1979 1294 2064 Michaelis
1315 1976 1440 2064 Anno
1461 1979 1633 2065 Domini
1660 1977 1726 2064 tr.
1751 1977 1927 2065 OOOO⁰.
1966 1978 2101 2066 Sexa—
2158 1967 2163 1978 ’

459 2096 620 2214 gesimo
640 2099 839 2182 secundo.

1047 2493 1049 2496 ·
1192 2465 1420 2614 sexu„

449 2729 453 2736 '
531 2749 535 2758 ·
637 2679 1103 2809 Orucovioe—dtc'
1126 2725 1160 2809 5
1186 2724 1383 2808 mensis
1407 2719 1569 2806 sunit
1591 2716 1743 2805 1464
1768 2733 1933 2802 anno.

456 2944 646 3020 taumatia
659 2945 806 3038 manegii
820 2944 948 3021 temeti
963 2944 1126 3019 tretonae
1151 2947 1186 3016 et
1204 2943 1359 3016 tensium
1374 2942 1459 3014 lueis
1473 2959 1551 3014 rue
1566 2940 1644 3014 nu
1656 2940 1844 3014 umutuio
1858 2941 2013 3021 Tium
2026 2939 2102 3031 leti,

461 3109 465 3114 .
922 3045 1632 3140 anmcerimosegsnmuananlu

559 3273 609 3358 In
629 3276 796 3360 nomine
816 3273 986 3358 Domini
1007 3301 1142 3356 amen.
1190 3271 1258 3356 sd
1285 3281 1534 3383 perpetuam
1568 3274 1629 3356 rei
1665 3273 1919 3357 memorium.
1972 3269 2106 3358 Gesta

456 3393 734 3477 humanorum
754 3403 925 3476 actuum
946 3392 1058 3475 facili
1079 3403 1252 3500 percant
1272 3421 1295 3474 e
1318 3394 1516 3476 memoria
1552 3391 1766 3475 hominum
1802 3391 1883 3474 nisi
1914 3390 2106 3501 apicibus

455 3511 723 3600 Litterarum.
755 3521 798 3594 et
828 3513 998 3594 testium
1020 3511 1329 3624 fidedignorum
1365 3512 1604 3596 testimonio
1640 3509 1796 3594 fuerint
1831 3511 2105 3620 perheunata.

456 3631 638 3718 Proinde
657 3631 744 3716 Nos
764 3632 1002 3716 Kuzimirus
1026 3632 1239 3748 deigracia
1254 3633 1346 3718 Rex
1363 3631 1533 3716 Polonie
1556 3629 1730 3713 Necnon
1752 3630 1982 3714 Terrarum
2000 3629 2102 3714 Cra-

415 3785 418 3790 ·
458 3751 577 3835 couie
601 3749 860 3836 Sandomirie
884 3748 1045 3834 Siradie
1067 3750 1267 3834 Lancicie
1305 3751 1496 3860 Ouyauie
1521 3750 1767 3834 Pomeranie
1791 3760 1870 3832 etc.
1922 3747 2105 3858 Magnus

456 3863 556 3954 Dux
569 3867 817 3976 Lythwanic
834 3863 1249 3979 RussiePrussicquc
1272 3872 1463 3954 dominus
1487 3883 1529 3953 et
1547 3869 1669 3952 heres
1692 3879 1771 3952 etc.
1805 3867 2106 3978 significamus

457 4000 600 4074 tenore
636 3990 901 4096 presencium
942 3989 1097 4099 quibus
1136 3991 1303 4100 expedit
1336 3991 1540 4074 uniuersis
1576 3986 1841 4098 presentibus
1878 3996 1921 4068 et
1940 3983 2106 4070 futuris.

459 4107 723 4220 presencium
741 4107 937 4202 nunciam
958 4107 1175 4192 habituris.
1209 4106 1429 4207 Quomodo
1451 4107 1501 4192 In
1522 4118 1664 4192 nostre
1699 4105 1934 4192 Maiestatis
1969 4114 2014 4188 et
2030 4133 2109 4192 no-

562 4347 600 4426 (1l
624 4339 841 4427 Archetypou
858 4338 1046 4420 Staniatciis
1068 4339 1101 4404 in
1118 4337 1252 4405 archivo
1279 4347 1491 4406 asservatum.
1526 4341 1714 4440 Descripsit
1745 4341 1922 4409 Slawiriski
1951 4339 2106 4406 tabulam.

459 4429 635 4498 Feniculus
652 4448 782 4492 crassus
798 4425 920 4493 serious
936 4424 1034 4501 elilis
1049 4425 1113 4490 albi
1129 4423 1250 4491 coloris
1266 4425 1406 4492 rinctus.
1451 4427 1599 4515 Sigillum
1615 4449 1718 4494 minus
1734 4451 1774 4493 ex
1800 4448 1877 4494 cera
1904 4425 2034 4512 vulgari
2051 4448 2108 4490 co-

458 4516 537 4583 loris
553 4513 652 4592 rubri,
668 4522 888 4597 repraesentat
903 4521 1030 4578 scutum
1059 4512 1091 4576 in
1108 4521 1248 4595 quatuor
1295 4521 1381 4578 artes
1405 4509 1554 4586 divisum.
1571 4513 1603 4576 in
1619 4512 1737 4596 quibus
1752 4513 1864 4597 aquila
1878 4511 1974 4578 unius
1986 4511 2109 4598 capitis

458 4599 664 4678 Polonorum,
677 4596 765 4664 miles
774 4619 858 4683 equo
874 4595 1027 4673 insidens,
1037 4596 1128 4661 idest
1140 4535 1509 4682 insignebithuenorum
1520 4598 1678 4682 „Pogon”
1689 4597 1863 4664 vernacule
1873 4595 2032 4662 Polouica
2046 4595 2111 4660 liu·

484 4706 525 4749 ua
539 4681 748 4770 appellatum,
764 4693 863 4771 caput
882 4682 1018 4750 bisontis
1034 4693 1067 4746 et
1083 4681 1200 4746 animal
1225 4682 1361 4748 biforme
1377 4681 1578 4748 dimidiatum
1601 4682 1729 4767 aquilae
1758 4693 1791 4748 et
1806 4679 1936 4768 gryphi.
1981 4682 2018 4746 ln
2040 4703 2111 4744 am·

459 4707 533 4835 litu
548 4767 656 4835 verba:
678 4767 734 4846 μδ.
750 4769 931 4837 Kazimirue
947 4771 996 4838 da·
1006 4771 1116 4857 ργασία
1141 4791 1200 4836 res
1218 4769 1340 4858 polonie
1352 4792 1483 4857 macnus
1512 4770 1576 4834 due
1600 4767 1755 4836 lidsucuic
1783 4781 1812 4835 u
1836 4772 1924 4835 aaa
1953 4769 2054 4832 nuria
2085 4775 2111 4832 ct

464 4850 588 4924 ccmo„
