4856 5932
1177 726 1224 742 ...
1270 685 1351 764 372
1404 722 1450 742 .-

494 891 657 973 ceteris.
687 889 864 974 Necnon
884 885 1044 976 Validis
1067 885 1342 1000 Strenuisque
1363 887 1482 972 viris:
1514 887 1698 975 Oristino
1720 886 1774 973 de
1797 887 2137 975 0311οωῦ18111-

492 1008 587 1093 lanc
609 1007 889 1114 Orecoviensi,
909 1007 1079 1094 Joenne
1101 1009 1153 1092 de
1174 1011 1346 1092 Tar-now
1370 1007 1493 1093 Orac.
1514 1008 1689 1094 Nicoloo
1712 1007 1764 1092 de
1788 1006 1999 1093 Mictalow
2023 1009 2134 1096 San-

494 1127 705 1212 domirien.
738 1123 907 1212 doacus
927 1127 1122 1240 Liganzn
1141 1119 1384 1211 Lancicien.
1407 1135 1451 1210 et
1470 1125 1637 1212 «Iacobo
1660 1128 1712 1210 de
1736 1122 1981 1238 Conieczpcle
2003 1127 2134 1238 Syre·

493 1244 625 1327 diensi
640 1245 853 1351 Palatinis,
888 1248 1113 1359 multisque
1151 1247 1240 1358 elijs
1275 1247 1427 1330 nostris
1455 1245 1650 1332 fidelibus
1684 1245 1925 1356 fidedignis.
1976 1245 2137 1332 Datum

490 1389 564 1471 per
585 1392 735 1447 manus
756 1365 994 1450 Reverendi
1013 1368 1056 1450 in
1079 1365 1247 1451 Ohristc
1268 1363 1414 1450 Patris·
1426 1364 1596 1450 Domini
1615 1365 1781 1452 Nicolsi
1817 1363 1975 1452 Sancte
1996 1363 2138 1454 Gneu-

492 1483 632 1566 nonsis
653 1484 841 1569 Ecclesie
861 1484 1192 1597 Archiepiscopi,
1212 1482 1334 1570 nobis
1355 1485 1517 1568 sincere
1534 1485 1691 1569 dilecti.

591 1601 661 1687 Ad
679 1605 924 1690 relationem
946 1605 1136 1716 ejusdem
1156 1603 1315 1690 domini
1334 1602 1499 1689 Nicolai
1517 1602 1837 1715 Archiepiscopi
1857 1601 2020 1692 Gnezn.

1229 2130 1380 2249 CXCl.

769 2403 1192 2490 sinceliae-dte
1217 2406 1256 2492 2
1280 2407 1488 2524 Aerulis
1514 2396 1654 2496 1414
1680 2427 1845 2492 anno.

486 2641 777 2719 vladislaus
798 2643 864 2716 lter
876 2641 1021 2716 trtntu
1035 2643 1207 2717 nonnoni
1222 2645 1250 2716 s.
1263 2643 1373 2720 lente
1386 2645 1417 2718 in
1432 2644 1652 2744 tzornotove
1671 2643 1785 2718 ortidr
1804 2644 1909 2718 scorti
1922 2643 2007 2718 lculi
2020 2643 2130 2720 uoni-

731 2749 794 2834 tto,
808 2746 913 2820 tillon
927 2749 1042 2840 Kaoja
1056 2743 1170 2820 dicon
1185 2745 1216 2820 iu
1230 2748 1372 2824 districtu
1380 2752 1579 2869 ⁸Krzc1n'corni
1593 2748 1688 2822 sitem
1703 2747 1798 2822 dont
1814 2750 1865 2832 (¹)·
1933 2789 1939 2799 ·

424 2977 429 2982 ’
587 2971 638 3056 In
656 2974 822 3058 nominc
844 2974 999 3059 domini
1018 2972 1168 3058 Amen.
1203 2983 1283 3059 etc.
1334 2973 1515 3058 Proinde
1547 3001 1624 3060 nos
1654 2971 1911 3060 chdislaus
1941 2973 2033 3060 Rex
2052 2971 2135 3060 Po·

485 3089 620 3178 loniae
643 3101 723 3176 etc.
771 3089 883 3192 Quia
903 3093 1097 3204 specialis
1133 3094 1225 3181 zelo
1263 3094 1498 3179 deuotionis
1534 3095 1718 3196 accensi,
1757 3091 1987 3203 Cupientes
2024 3091 2135 3176 diem

486 3211 657 3295 extremi
691 3211 834 3295 iudicii
868 3213 1037 3323 pietatis
1074 3213 1273 3324 operibus
1303 3215 1562 3324 praevenire,
1593 3222 1636 3296 et
1656 3213 1904 3326 praesertim
1939 3209 2135 3296 videntes

484 3327 561 3415 hos
584 3329 774 3415 consulte
796 3339 936 3443 agere,
960 3340 1004 3414 et
1023 3334 1240 3444 negociari
1259 3333 1494 3436 salubriter,
1532 3333 1606 3442 qui
1637 3362 1688 3416 ex
1711 3333 1866 3418 devota
1886 3331 2135 3417 liberalitate

481 3477 564 3558 pro·
577 3451 750 3534 terrenis
772 3451 984 3557 coelestia,
1008 3460 1050 3533 et
1069 3479 1145 3562 pro
1167 3452 1416 3536 transitoriis
1445 3462 1651 3563 perpetua
1671 3449 1927 3535 studuerunt
1962 3478 2133 3563 compo-

481 3595 584 3674 rsre,
608 3581 650 3653 et
668 3569 894 3681 praecipue
931 3571 1196 3655 attendentes
1228 3571 1343 3680 quod
1363 3572 1470 3656 inter
1491 3580 1662 3656 caetera
1683 3599 1795 3684 quae
1818 3573 1871 3654 de
1891 3570 2132 3656 fontecha-

480 3687 614 3772 ritatis
651 3689 898 3801 procedunt,
935 3689 1421 3778 eleemosina.celebrius
1458 3690 1790 3794 commendetur,
1827 3687 2132 3776 solennioribus

482 3810 776 3892 commendata
794 3811 1032 3920 proeconijs
1052 3811 1307 3921 praecellere
1325 3810 1564 3914 dinoscitur,
1587 3809 1766 3919 quilibet
1782 3807 1879 3922 (sic)
1903 3809 2133 3922 gratiarum

480 3952 621 4035 opera.
653 3927 776 4011 Haec
798 3929 907 4013 enim
927 3940 993 4022 ,est
1011 3931 1235 4016 ineffabilis
1257 3927 1540 4040 suffragatrix,
1578 3927 1786 4038 quee'nos
1808 3927 1943 4012 abluit
1987 3953 2135 4038 apec-

482 4044 589 4127 oatis
612 4053 655 4127 et
676 4048 855 4157 gratiam
876 4048 997 4132 nobis
1026 4052 1212 4134 restituit
1245 4047 1469 4133 saluatoris
1498 4047 1610 4131 unde
1648 4049 1812 4133 divinae
1848 4045 2134 4133 retributionis

478 4163 632 4248 intuitu
651 4164 851 4268 volentes,
871 4175 919 4248 ut
938 4165 1088 4250 fratres
1121 4165 1362 4276 rnonasterij
1385 4175 1559 4249 sanctae
1587 4167 1747 4251 Mariae
1766 4169 1809 4249 in
1834 4161 2134 4250 Czorutccltowo

480 4285 634 4368 ordinis
657 4285 793 4366 sancti
827 4281 949 4367 Pauli
979 4285 1101 4393 primi
1130 4284 1373 4394 Heremitue
1396 4284 1477 4370 sub
1498 4287 1648 4398 regula
1669 4288 1807 4373 suncti
1827 4284 2059 4400 Augustini
2078 4283 2130 4368 li·

479 4399 620 4488 berius
640 4401 732 4487 Deo
748 4401 906 4487 deorum
927 4401 1106 4516 obsequi
1128 4413 1169 4490 et
1190 4403 1452 4491 orationibus
1470 4433 1523 4488 cc
1545 4406 1686 4492 divino
1709 4405 1841 4490 cultui
1876 4431 2030 4490 vocare
2050 4429 2129 4516 po·

584 4659 621 4738 (¹)
646 4656 772 4724 Tabula
788 4679 807 4722 e
822 4657 1068 4726 Muczkowscio
1092 4658 1257 4746 descripte
1282 4680 1322 4723 ex
1348 4655 1594 4724 confirmatione
1616 4655 1782 4748 privilegii
1809 4655 1901 4742 regis
1931 4649 2130 4744 sigismundi

479 4741 624 4892 Aussusti
639 4741 690 4810 die
707 4747 745 4810 11
760 4743 870 4858 nertii
886 4747 969 4811 1564
984 4744 1150 4834 (Metrylrs
1163 4743 1236 4812 lior.
1254 4743 1317 4811 vol
1335 4745 1375 4810 98
1391 4765 1467 4832 pag.
1477 4745 1563 4827 112).
1583 4743 1682 4812 conf.
1700 4738 2131 4827 Banetfflielgrzymk·

480 4823 524 4952 do
555 4828 783 4945 ‘costochowy
819 4853 898 4919 ρας.
915 4833 987 4898 226.
