4856 5932
1068 719 1344 796 ..m-

436 935 532 1011 oa‘m
560 923 737 1011 formam
756 913 955 1032 redigeris
990 947 1121 1004 manu
1154 921 1326 1032 propria
1360 918 1594 1032 subscripsi
1628 919 1764 1034 Signo
1795 929 1841 1006 ct
1866 923 2040 1008 nomine

440 1046 545 1130 meis
565 1042 712 1128 solutis
725 1051 770 1124 et
786 1041 1000 1124 consuetis
1038 1041 1330 1152 consignando
1365 1067 1452 1124 vna
1481 1069 1580 1124 cum
1608 1040 1762 1152 prefati
1797 1041 2038 1128 Reuerendi

440 1163 570 1275 patris
585 1161 788 1272 Episcopi
806 1159 1102 1246 Oracouieusis
1118 1162 1380 1272 appensione
1396 1157 1532 1273 Sigilli
1548 1169 1591 1243 et
1606 1161 1659 1244 de
1674 1162 1878 1246 mandato
1893 1161 2039 1272 ipsius,

440 1311 494 1366 ac
515 1307 730 1367 consensu
750 1287 793 1364 et
811 1279 1033 1367 voluntate
1054 1278 1314 1364 dominorum
1336 1279 1587 1366 arbitrorum
1610 1289 1655 1362 et
1670 1305 1931 1365 assessorum
1950 1309 2040 1368 me-

438 1411 694 1487 moratorum
730 1399 905 1510 speciali
938 1410 1132 1510 rogatus·
1154 1407 1196 1480 et
1225 1399 1455 1512 requisitus
1477 1401 1519 1484 in
1539 1397 1667 1484 fidem
1689 1411 1733 1484 et
1750 1402 2038 1486 testimonium
2066 1426 2071 1446 ⁸

442 1523 627 1607 omnium
647 1535 691 1608 et
710 1519 970 1632 singulorum
989 1519 1300 1628 premissorum.

962 1992 964 2000 ¹
1123 1955 1277 2104 ¹otu.

618 2223 957 2339 (trocouioa,
991 2243 1084 2329 «lta
1106 2245 1139 2330 l
1163 2245 1440 2333 lunum-ti
1461 2245 1609 2338 14³2
1636 2267 1802 2334 unna

381 2454 676 2578 Vladlslnus
698 2457 906 2560 lagano
927 2475 985 2534 ror
1004 2459 1144 2650 igwm're
1154 2456 1513 2646 monmutensi
1525 2462 1608 2556 nor
1620 2460 1806 2536 murtro
1825 2395 2034 2555 ΜΗ

480 2771 532 2856 In
551 2772 720 2858 nomine
741 2771 898 2856 domini
918 2769 1068 2855 Amen.
1101 2768 1171 2854 Ad
1185 2781 1435 2882 perpetuam
1455 2773 1515 2854 rei
1530 2773 1776 2860 memoriam
1798 2769 1909 2858 Cum
1927 2771 2037 2856 inter

377 2893 561 2976 humane
582 2900 730 2974 nature
753 2889 933 2977 comoda
949 2889 1082 2990 nichil,
1099 2889 1267 3001 dignius
1290 2891 1491 2976 memoria
1525 2891 1734 2978 habeatur
1756 2901 2036 3003 opportunum

211 3031 217 3048 ¹
379 3010 520 3096 existit
538 3009 738 3102 vtAotus
759 3009 976 3096 hominum
994 3011 1207 3094 literarum
1238 3008 1430 3120 apicibus
1467 3021 1510 3094 et
1545 3013 1718 3097 testium
1753 3011 2035 3116 annotacione

377 3128 688 3242 perhennentur
707 3130 773 3216 Ne
792 3128 916 3242 lapsu
935 3130 1134 3238 temporis
1171 3139 1430 3212 euanescant
1459 3129 1640 3216 Proinde
1666 3131 1755 3216 Nos
1778 3129 2034 3218 Wladislaus

378 3249 594 3360 deigtacia
614 3247 705 3334 Rex
724 3247 898 3334 Polonie
918 3245 1333 3358 necnonTerrarum
1354 3247 1564 3334 Oracouie
1586 3249 1849 3336 Sandomirie
1872 3249 2036 3336 Siradie

374 3367 575 3454 Lancicie
597 3367 788 3478 Ouyauie
807 3367 1145 3478 Lythwanieque
1166 3365 1369 3482 Princeps
1387 3367 1648 3480 Suppremus
1662 3367 1909 3456 Pomeranie
1924 3367 2039 3457 Rus·

377 3490 525 3599 sieque
546 3488 752 3576 Dominus
774 3496 819 3570 ct
837 3487 976 3573 Heres
993 3495 1073 3569 etc.
1107 3483 1408 3599 Significamus
1424 3497 1571 3572 tenore
1591 3491 1859 3600 presencium
1880 3487 2036 3602 quibus

377 3609 546 3717 expedit
564 3605 770 3694 vni‘uersis
790 3604 1054 3718 presentibus
1077 3613 1119 3686 et
1138 3603 1295 3722 suanis,
1308 3607 1573 3717 presencium
1594 3609 1796 3694 noticiam
1816 3606 2036 3694 habituris.

376 3727 447 3811 Ad
467 3736 608 3812 nostre
629 3726 864 3812 Maiestatis
885 3725 1147 3838 presenciam
1164 3727 1375 3826 accedens
1391 3725 1609 3840 Religiosa
1625 3737 1669 3811 et
1684 3727 1911 3814 deodicata
1922 3725 2035 3812 Mar·

377 3844 558 3960 garetha
576 3844 812 3932 Abbatissa
832 3843 1076 3955 Monosterij
1099 3845 1153 3928 de
1175 3843 1408 3958 Stonyotblrj
1439 3847 1595 3934 ordinis
1628 3846 1777 3933 Sancti
1809 3843 2029 3930 Benedicti

377 3965 529 4078 optulit
548 3963 646 4078 (sic)
669 3967 874 4078 quotdam
896 3963 993 4080 (sic)
1015 3963 1286 4076 Priuilegium
1316 3962 1448 4078 Regis
1484 3965 1687 4052 Lodiwioi
1723 3965 2034 4079 predecessoris

378 4086 509 4172 nostri
528 4109 614 4167 non
633 4085 833 4168 viciatum
852 4111 938 4170 non
958 4094 1203 4192 suspectum
1228 4085 1339 4169 omni
1358 4085 1468 4170 vicio
1491 4091 1534 4168 et
1555 4081 1797 4198 suspicione
1817 4096 2033 4170 carentem

376 4215 526 4318 petens
547 4202 692 4308 humili
721 4201 955 4310 debitaque
981 4228 1157 4312 precum
1184 4203 1395 4286 instancia
1432 4211 1641 4314 quatenus
1679 4207 1731 4290 de
1766 4204 2036 4319 benignitate

379 4334 524 4411 nostra
543 4322 684 4436 Regia
702 4319 805 4406 illud
835 4319 1062 4406 Ratificare
1099 4317 1349 4406 Gratificare
1384 4319 1606 4434 Aprobare
1636 4323 1733 4440 (sic)
1763 4336 1807 4409 et
1824 4323 2038 4414 Innouare

378 4443 649 4558 digrraremur
669 4441 802 4532 Ouius
822 4451 943 4529 tenor
965 4439 1018 4526 de
1039 4437 1171 4528 verbo
1193 4440 1248 4526 ad
1269 4439 1446 4529 verbum
1466 4447 1659 4555 sequitm
1675 4453 1719 4532 et
1740 4455 1806 4532 est
1823 4446 1931 4534 talis.
2058 4507 2067 4513 -
2103 4449 2106 4455 ’

484 4697 522 4776 (¹)
547 4693 724 4764 Slawiriski
749 4693 934 4784 descripsit.
973 4691 1102 4762 Tabula
1125 4695 1374 4766 membranacea
1402 4696 1641 4780 Stauiatcensis
1669 4699 1859 4766 monasterii
1887 4699 2034 4788 propria.

379 4777 540 4847 Taeniola
554 4780 686 4846 sericea.
703 4779 854 4868 Sigillum
869 4781 1106 4868 majestaticum
1115 4803 1189 4848 curn
1198 4781 1381 4868 insignibus
1398 4791 1522 4871 septem
1538 4793 1707 4868 terrarum,
1718 4781 1775 4852 sed
1790 4807 1855 4851 non
1871 4793 1988 4868 totum3
2001 4784 2035 4850 in

380 4867 520 4950 abrupta
534 4876 628 4950 parte
644 4867 802 4950 ejusdem,
818 4865 961 4953 insignia
975 4866 1110 4934 duarum
1125 4879 1285 4935 terrarum
1307 4877 1414 4934 erant.
