4856 5932
1182 1163 1394 1280 CCXXV.

676 1503 681 1516 .
724 1437 1097 1524 raonem-me
1122 1437 1200 1524 24
1231 1435 1483 1520 octobris
1509 1435 1646 1524 14²5
1671 1457 1835 1525 omno.
2091 1433 2095 1440 ’

460 1681 575 1757 flebilis
595 1681 727 1754 immor
744 1672 1255 1766 torsissemtorsissem
1275 1693 1350 1748 soor
1363 1693 1522 1766 gemmus
1536 1675 1724 1750 sotisterirro
1739 1677 1798 1750 sibi
1812 1677 1850 1750 do
1864 1677 1951 1752 toris
1964 1677 2104 1753 merrdi-

782 1778 870 1852 tim
884 1778 1018 1868 nornis
1033 1779 1066 1851 et
1079 1779 1234 1866 maternis,
1249 1795 1350 1852 mrem
1366 1777 1519 1871 jndicibus
1540 1782 1716 1871 rooogrovit
1736 1785 1789 1864 (¹).
1824 1861 1835 1884 .

447 2009 451 2018 ’
563 2009 652 2094 Nos
672 2005 821 2112 Petrus
843 1999 980 2113 Firley
1017 2004 1069 2087 de
1105 2001 1393 2120 Dombrooz'ozo
1434 2003 1576 2090 Judex
1618 2015 1661 2090 et
1694 2006 1844 2092 Petrus
1867 2009 1919 2093 de
1943 2007 2105 2124 Oppoka

462 2129 669 2215 subiudox
689 2134 799 2208 terre
818 2123 1059 2206 lublinensis
1078 2122 1317 2235 generales„
1342 2123 1638 2236 significamus
1660 2137 1806 2212 tenore
1826 2132 2105 2237 presencium,

465 2248 617 2357 quibus
639 2245 807 2355 expedit
825 2245 1027 2327 universis
1065 2253 1107 2324 et
1141 2241 1316 2352 singulis
1356 2245 1616 2352 presencium
1652 2247 1849 2329 noticiam
1884 2248 2102 2333 habituris.

465 2365 685 2468 Quomodo
706 2364 877 2448 veniens
898 2360 1046 2445 nobilis
1068 2360 1286 2447 Johannes
1315 2363 1423 2446 filius
1445 2363 1594 2448 nobilis
1629 2362 1794 2468 zdlboolc
1826 2367 1878 2448 de
1920 2368 2103 2462 Yosczow

464 2486 631 2599 pqublice
653 2483 803 2567 stando
840 2508 981 2565 coram
1017 2480 1122 2565 Jure
1162 2483 1344 2563 terrestri
1384 2485 1644 2596 recognovit,
1687 2485 1786 2594 quia
1826 2485 1905 2570 sibi
1942 2486 2102 2571 nobiles

466 2603 622 2707 szdloblc
639 2601 734 2718 (sio)
756 2609 876 2712 pater
912 2627 1012 2682 suus
1033 2601 1152 2684 heres
1176 2597 1228 2682 do
1255 2600 1453 2685 Yoszozozo
1476 2601 1572 2712 (sio)
1596 2601 1649 2713 (²)
1671 2631 1755 2684 una
1777 2631 1873 2688 eum
1893 2605 2105 2691 nobilibus

326 2804 333 2819 ,
466 2725 635 2810 Andrea
656 2731 698 2804 et
719 2719 930 2806 Stanislso
967 2719 1060 2828 filijs
1097 2721 1182 2802 suis
1223 2719 1378 2804 ibidem
1402 2722 1454 2804 de
1482 2720 1685 2806 Yoszczow
1721 2721 2019 2807 satisfecerunt
2054 2726 2106 2808 de

464 2843 586 2928 bonis
606 2839 863 2947 hereditarijs
884 2847 971 2921 tam
990 2837 1286 2948 paternalibus‚
1316 2854 1456 2952 'quam
1491 2841 1804 2946 maternalibus‚
1845 2871 1921 2953 pro
1953 2843 2107 2956 quibus

465 2963 586 3049 bonis
608 2962 821 3046 soluerunt
841 2956 921 3040 sibi
942 2959 1144 3040 ducentos
1163 2983 1342 3061 marcas,
1363 2960 1444 3043 hoo
1467 2967 1531 3041 est
1550 2988 1625 3069 pro
1647 2971 1766 3070 parte
1786 2963 1918 3070 ipsius
1936 2963 2106 3049 diuisio-

466 3084 530 3168 nis
579 3078 954 3190 suppradesoriptis
996 3074 1111 3190 (sie)
1152 3077 1264 3159 idem
1305 3075 1526 3162 Johannes
1577 3077 1854 3191 Joszczowslcij
1892 3082 2104 3192 predictos

469 3196 779 3313 Zdlobook(sio)
802 3195 856 3310 (³)
880 3195 1092 3280 Andream
1113 3205 1156 3278 et
1177 3194 1431 3281 stanislaum
1450 3225 1532 3282 non
1547 3196 1675 3281 debet
1688 3200 1890 3308 impedire
1904 3210 2108 3314 perpetue

471 3330 514 3406 et
532 3323 691 3424 inewm,
733 3327 775 3400 et
794 3343 919 3424 super
938 3315 1020 3398 hoo
1056 3315 1295 3400 memoriale
1336 3325 1577 3426 posuerunt,
1615 3319 1730 3426 quod
1752 3317 1805 3401 ab
1825 3321 1928 3431 ipsis
1949 3322 2111 3432 recepi·

467 3469 573 3525 mus.
633 3439 683 3522 In
705 3437 822 3519 cuius
842 3431 901 3515 rei
930 3433 1217 3550 'testimonium
1248 3435 1388 3546 sigilla
1409 3445 1551 3521 nostra
1591 3437 1859 3546 presentibus
1896 3449 1995 3524 sunt
2034 3471 2111 3554 sp·

470 3561 614 3672 pensa.
647 3556 803 3640 Actum
827 3562 868 3636 et
890 3552 1034 3636 datum
1055 3556 1096 3636 in
1120 3550 1240 3636 tertiis
1260 3552 1364 3638 ferio
1385 3556 1574 3638 secunda
1603 3564 1702 3668 post
1728 3553 1882 3642 festum
1904 3561 2110 3644 undecem

469 3679 584 3763 milia
604 3677 824 3788 virginum,
856 3700 963 3757 anno
986 3674 1140 3758 domini
1160 3673 1373 3759 millesimo
1398 3677 1814 3786 quadringentesimo
1843 3675 2109 3791 septuegdsi·

470 3825 538 3883 mo
561 3799 718 3904 quinto.
750 3791 1022 3880 Presontibus
1046 3790 1271 3880 Generosis
1293 3821 1344 3878 ao
1365 3793 1574 3880 nobilibus
1609 3793 1808 3880 Johonne
1838 3797 1890 3879 de
1920 3793 2108 3880 Oezmoti·

573 4045 616 4130 (¹)
635 4043 687 4109 Ex
703 4044 750 4108 ori
777 4043 852 4108 inali
868 4042 980 4108 tabula
995 4043 1175 4110 doctissimi
1191 4043 1265 4108 olim
1284 4043 1401 4130 ignatii
1417 4045 1583 4130 Zogdrsoii
1598 4046 1740 4132 propris,
1756 4046 1930 4134 descripsit
1943 4049 2020 4118 Ant.
2032 4047 2111 4117 Mu·

471 4129 646 4207 ozkowski.
671 4128 705 4196 si
731 4067 816 4191 ildrm
833 4145 928 4192 unum
946 4129 1128 4213 abruptum,
1144 4127 1231 4193 aliud
1246 4150 1324 4194 vero
1337 4129 1486 4195 deletum.

572 4215 610 4302 (²)
635 4150 728 4283 Cond
743 4211 884 4276 tabulam
899 4210 981 4278 hano
996 4224 1141 4277 nostram
1157 4234 1246 4309 cum·
1271 4213 1462 4278 rasoedente
1477 4239 1505 4279 a.
1523 4217 1614 4280 1437.
1627 4216 1693 4301 jam
1708 4217 1858 4304 superios
1873 4218 1933 4285 sub
1948 4217 1991 4284 11ο
1999 4217 2109 4289 CCIX

452 4311 456 4319 ’
473 4329 548 4395 pag.
562 4305 621 4370 411
634 4299 729 4385 hujus
745 4298 823 4362 tomi
839 4297 928 4383 typis
943 4293 1133 4361 mandatam.
1150 4296 1201 4360 De
1216 4237 1301 4360 vdiis
1317 4297 1444 4364 ibidem.

575 4390 615 4472 (³)
636 4385 726 4454 Gens
741 4380 913 4448 haeredum
928 4379 1021 4446 villae
1038 4381 1190 4448 Joszczow
1204 4381 1359 4465 sequitur.

573 4473 612 4540 N.
628 4473 734 4537 Potor.

577 4585 679 4738 doleo
695 4671 788 4738 1437.
890 4581 993 4742 ditat,
1010 4665 1157 4747 Zdldqnie
1174 4663 1302 4747 Szdiqbk
1318 4669 1428 4746 (unum
1442 4691 1558 4734 nomen
1580 4669 1636 4736 sod
1660 4670 1742 4738 mele
1845 4587 2000 4741 discisus
2018 4675 2108 4739 1437.

896 4752 1053 4838 scriptum
1064 4753 1204 4838 semper)
1221 4755 1312 4818 1437.
1331 4756 1422 4820 1475.

868 4842 1746 4938 md
