4890 5924
1140 703 1420 780 ...959-

406 942 411 952 ·
440 909 619 1010 nicensi,
639 907 849 992 Stauislao
867 907 1182 1016 Malogostenei.
1206 902 1400 995 Zauisza
1414 901 1687 992 Sandecensi.
1709 905 1977 993 Castellanis.
1999 913 2116 996 Her-r

369 1028 371 1034 ’
440 1019 868 1109 manno'Oancellario
883 1015 1156 1131 Ouyauiensi.
1183 1037 1226 1108 et
1244 1025 1734 1139 Procuratore'gonerali
1754 1015 1993 1110 nostrsrum
2004 1030 2112 1114 Ter-

440 1170 592 1224 rarum.
614 1141 821 1224 videlicet.
862 1141 1171 1225 Oraoouiensis.
1196 1152 1239 1224 et
1260 1139 1624 1227 Sandomirionsis.
1654 1141 1831 1226 Andrea
1862 1139 2112 1230 SubGame*

440 1262 561 1342 rario.
579 1259 704 1343 Petro
723 1259 930 1342 Tribuno.
950 1257 1320 1343 Oracouiensibus.
1343 1260 1401 1342 Et
1420 1258 1510 1366 alijs
1531 1259 1672 1340 multis
1694 1259 1934 1372 fidedignis,
1950 1263 2111 1348 Duum

440 1403 514 1484 per
536 1403 686 1458 manus
710 1378 865 1486 dominj
890 1376 1069 1486 Sbignej
1094 1379 1225 1487 nostrj
1248 1376 1499 1483 Cancellarij
1522 1375 1831 1460 Cracouiensis.
1965 1367 1968 1374 ’

1081 1905 1084 1912 ,
1182 1810 1381 1927 Clll’lll.

810 2062 1230 2147 cracoviae-*S
1248 2063 1412 2146 aanor·
1426 2059 1561 2147 1³52
1579 2081 1744 2145 anno.

419 2243 673 2366 ‘aurursus
690 2280 728 2352 do
744 2267 898 2352 Zorawice
917 2297 986 2350 eurr
1000 2297 1102 2378 ,uxore
1125 2297 1191 2366 rus,
1213 2282 1358 2370 antiqua
1378 2279 1494 2352 limites
1513 2257 1592 2352 iuter
1614 2279 1722 2352 aileu
1742 2235 1831 2352 suan
1854 2281 1976 2348 Soada
1996 2283 2111 2358 dcun

711 2379 864 2468 villasque
878 2383 1056 2467 Baezyapn
1071 2383 1105 2452 et
1119 2381 1233 2470 Ιίμὸηα
1248 2381 1425 2452 monaterii
1439 2381 1623 2466 lineatoris,
1636 2379 1761 2452 rotun
1777 2383 1828 2464 (1).

544 2590 594 2668 ln
616 2587 783 2667 nomine
806 2583 974 2666 Domini
998 2585 1147 2666 Amen.
1203 2581 1328 2666 Omni
1366 2583 1602 2665 calumniae
1632 2583 1703 2682 via
1733 2585 2033 2692 praecluditur,
2065 2585 2108 2667 id

441 2701 559 2813 quod
579 2702 725 2810 scripti
746 2701 982 2783 testimonio
1004 2699 1239 2784 roboratur.
1279 2701 1417 2810 Igitur
1437 2703 1630 2782 noverint
1650 2711 1895 2808 praesentes
1920 2711 1962 2784 et
1982 2699 2110 2786 futuri

279 2875 285 2888 -
441 2845 643 2928 praesens
675 2819 877 2926 scriptum
912 2819 1160 2932 inspecturi,
1198 2815 1324 2914 Quod
1345 2817 1433 2901 Nos
1457 2815 1649 2898 Andreas
1673 2819 1768 2901 olim
1792 2819 1986 2929 Gregorij
2008 2817 2111 2902 hae·

402 3029 404 3036 ,
441 2937 553 3017 redis
577 2935 628 3016 de
653 2933 860 3015 Sororiez'u
877 2933 974 3044 (sic)
996 2937 1179 3017 vitantes
1202 2935 1434 3017 discordias
1457 2933 1533 3014 sod
1554 2937 1767 3016 orationes
1792 2933 2042 3024 affectantes
2068 2947 2110 3017 et
2178 2997 2185 3006 .

444 3054 571 3134 etiam
606 3053 768 3134 ratione
805 3049 1181 3152 confraternitatis,
1217 3079 1346 3160 quam
1383 3049 1592 3132 habemus
1629 3077 1715 3132 una
1747 3052 2111 3135 cum-charissima

432 3171 624 3278 ,coniuge
661 3179 806 3251 nostra
840 3165 1011 3278 Agnete
1048 3169 1174 3276 apud,
1198 3167 1404 3250 Dominos
1427 3177 1469 3248 et
1488 3165 1657 3248 Fratres
1687 3167 1932 3277 Monasterij
1964 3167 2110 3278 Tyne-

409 3287 413 3294 ’
443 3285 581 3366 oensis
602 3285 877 3366 limitationes·
895 3285 1084 3392 gaduum
1106 3285 1203 3394 (sic)
1241 3283 1418 3367 fecimus
1454 3286 1562 3364 inter
1593 3285 1900 3370 haereditatem
1920 3280 2120 3370 nostram

441 3401 600 3485 dictam
637 3400 829 3484 Sosnkom
851 3415 894 3482 et
913 3405 1101 3512 ipsorum
1138 3397 1443 3484 haereditatem
1484 3399 1718 3514 Boczyczya
1750 3432 1848 3487 cum
1869 3397 2111 3486 Venerabili

439 3523 483 3602 in
506 3517 674 3604 Christo
696 3519 823 3601 Patre
844 3519 1027 3612 Domino
1050 3515 1218 3602 loanne
1240 3517 1421 3602 Abbate.
1435 3515 1680 3628 Monostery
1700 3517 1967 3629 Tynecensis
1987 3546 2112 3631 prae·
2191 3589 2197 3599 ,

442 3637 561 3740 dicti,
599 3631 768 3717 Ordinis
797 3635 893 3722 ¹Soti
914 3633 1138 3716 Benedicti
1163 3645 1205 3716 et
1226 3665 1302 3720 suo
1340 3637 1566 3720 Conventu
1598 3635 1649 3718 de
1680 3637 1796 3720 bona
1831 3639 2047 3721 voluntate
2071 3646 2113 3719 et
2164 3655 2173 3676 '
2317 3731 2321 3738 ,

440 3753 744 3836 deliberatione
765 3754 826 3834 ita
849 3753 964 3860 quod
988 3753 1127 3835 diotae
1152 3751 1317 3858 Gades,
1351 3781 1462 3864 quae
1494 3779 1684 3862 pronuno
1714 3754 1824 3836 inter
1855 3751 2045 3836 So‘sukcm
2067 3761 2111 3834 et

443 3871 678 3978 Baozyczyo
707 3871 911 3952 limitatae
942 3880 1059 3974 sunt,
1095 3881 1137 3950 et
1159 3873 1287 3984 etiam
1320 3868 1477 3956 Gades
1496 3873 1605 3952 inter
1634 3867 1818 3978 Ryhnom
1840 3879 1884 3952 et
1904 3869 2109 3972 Sorukom,

440 4015 553 4099 quae
574 3985 659 4068 iam
679 3987 825 4094 longo·
841 3997 1030 4095 tempore
1062 3995 1160 4070 sunt
1189 3983 1392 4070 limitatae
1427 3997 1471 4070 et
1487 3985 1666 4097 ¹pacifice
1688 3995 1732 4067 et
1753 3987 1895 4098 quiete
1918 4012 1969 4068 ex
1989 3991 2109 4070 utra·

306 4175 310 4184 .
438 4133 525 4218 que
546 4113 670 4213 parte
689 4129 927 4220 possessae,
951 4103 1110 4185 debent
1130 4107 1173 4184 in
1195 4105 1345 4188 eadem
1379 4103 1624 4193 limitatione
1660 4105 1876 4214 perpetuis
1907 4103 2109 4215 tempori·
2166 4145 2171 4155 ·

348 4263 351 4268 ·
437 4224 519 4307 bus
541 4248 803 4334 permanere,
825 4220 885 4302 ita
905 4231 1049 4302 tamen
1067 4223 1197 4302 etiam
1220 4224 1337 4330 quod
1360 4222 1493 4326 absit,
1515 4225 1550 4307 si
1572 4249 1659 4332 qua
1679 4249 1799 4332 para,
1819 4232 1908 4305 tom
1928 4247 2006 4305 nos
2029 4249 2107 4305 seu

438 4342 570 4426 nostri
608 4337 887 4426 Successores
924 4338 1124 4447 legitimi,
1169 4365 1298 4446 quam
1338 4341 1464 4424 etiam
1497 4339 1701 4452 praedicti
1728 4330 2109 4428 Dominus'Abbas

440 4459 680 4566 Tyncensis
710 4483 807 4537 oum
840 4483 917 4541 suo
950 4453 1196 4562 Conventu,
1233 4459 1303 4542 vel
1321 4483 1590 4566 possessores
1607 4458 1786 4570 legitimi
1806 4457 1994 4540 eiusdem
2015 4453 2110 4545 Mo*
2154 4541 2159 4550 ,

438 4583 610 4684 nastery
628 4572 1036 4704 prae'diotasGades
1058 4574 1102 4656 in
1123 4575 1377 4685 supradictis
1398 4573 1754 4680 haereditatibus,
1784 4571 1982 4660 videlicet
2000 4571 2107 4734 iptar
2159 4677 2163 4686 .

419 4831 424 4844 ·
541 4805 585 4906 ζ’)
608 4805 798 4890 Descripsit
811 4803 1016 4891 hepkowski
1031 4828 1072 4870 ex
1088 4803 1229 4888 quodem
1252 4745 1651 4874 dulcianus-tutaris.
