4856 5932
1030 741 1301 814 *459-

341 948 477 1060 ceptis
514 955 556 1025 et
590 942 753 1028 leuatis.
790 939 1026 1027 honorabili
1046 941 1219 1028 Nicolao
1242 943 1295 1026 de
1319 935 1622 1052 Coprzywayezo
1642 937 1697 1054 (⁸)
1717 941 1760 1024 in
1781 944 1992 1056 Xonszny·
2126 990 2130 1000 ·

262 1145 270 1166 ,
345 1095 406 1153 oze
428 1065 482 1179 (³)
503 1063 689 1174 plebano
710 1060 997 1174 Altaristeque
1019 1061 1062 1143 in
1081 1061 1275 1147 Ecclesia
1297 1059 1539 1146 Cathedrali
1572 1055 1846 1146 Oraooviensi
1884 1065 1996 1150 Exe-

345 1189 480 1272 eutori
500 1182 742 1267 testamenti
764 1181 863 1264 olim
883 1179 1147 1265 Venerabilis
1168 1181 1361 1294 magistri
1386 1177 1543 1263 Jacobi
1572 1178 1624 1264 de
1647 1176 1826 1263 Sobodek
1847 1181 1901 1298 (⁴)
1925 1185 1999 1268 de·

345 1320 554 1390 cretorum
577 1302 772 1405 ductoris,
805 1299 1011 1386 Canonici
1033 1309 1075 1383 et
1090 1299 1244 1411 Viearij
1266 1301 1309 1382 in
1332 1297 1631 1416 spiritualibus
1666 1307 1847 1409 protunc
1869 1330 1999 1415 gene·

343 1427 442 1510 ralis
465 1421 782 1523 Cracovviensis,
802 1420 900 1505 Non
916 1417 1153 1531 inprouide,
1190 1429 1264 1504 aut
1284 1447 1359 1530 per
1381 1444 1574 1522 errorem,
1605 1419 1683 1501 sed
1712 1421 1763 1504 de
1786 1429 1901 1504 certa
1921 1448 1998 1507 no-

342 1557 431 1630 stra
451 1541 636 1626 sciencia
658 1549 701 1622 et
721 1539 952 1644 voluntate,
983 1538 1335 1650 Prelatorumque
1367 1546 1410 1620 et
1429 1535 1637 1623 baronum
1658 1565 1709 1620 ac
1731 1537 1998 1627 Oonsiliario·

342 1693 435 1750 rum
455 1671 691 1746 nostrorum
714 1657 936 1742 nobiseum
955 1665 1135 1768 protunc
1166 1657 1452 1762 existencium,
1495 1656 1666 1741 oonsilio
1701 1660 1874 1769 speciali
1896 1659 1998 1742 deli·
2020 1641 2101 1826 ql

342 1783 583 1880 beraoione,
607 1776 931 1890 approbacione‚
954 1787 998 1862 et
1018 1804 1229 1864 consensu
1265 1778 1321 1862 ad
1356 1777 1400 1859 id
1435 1778 1665 1862 accedente
1687 1779 1934 1865 vendicione
1956 1781 2024 1859 et,
2048 1780 2061 1872 i

344 1904 467 1988 titulo
488 1899 764 2012 reempcionis
782 1895 1185 2020 aliasNowlderlcoff
1198 1897 1428 2008 vulgariter
1443 1897 1714 2006 nuncupatis,
1734 1899 1999 1984 vendidimus

343 2032 386 2106 et
404 2022 726 2134 resignauimus,
747 2019 969 2104 vendimus
991 2030 1034 2098 et
1052 2018 1331 2127 resignamus,
1368 2044 1419 2099 ac
1441 2016 1521 2100 sibi
1541 2017 1710 2128 plenam
1732 2024 1775 2100 et
1796 2023 1999 2103 omnimo-

346 2143 442 2226 dam
463 2140 712 2240 facultatem
732 2139 776 2220 in
798 2138 954 2220 eisdem
977 2133 1189 2220 Oensibus
1213 2135 1410 2222 Sedecim
1444 2163 1680 2221 marcarum
1701 2134 1844 2220 Altare
1864 2139 1908 2221 in
1923 2139 1998 2221 ali-

345 2291 433 2373 qua
456 2259 725 2343 ecelesiarum
763 2267 838 2360 aut
873 2255 1203 2368 Collegiaturam
1241 2252 1337 2369 (sio)
1376 2256 1665 2368 cuiuscunque
1706 2253 1921 2340 facultatis
1956 2259 2000 2372 in

344 2381 620 2464 universitate
642 2372 923 2462 Oraoovviensi
955 2375 1083 2485 studij
1116 2373 1333 2480 fimdandi,
1359 2374 1543 2465 dotandi
1580 2385 1622 2457 et
1658 2374 1885 2479 obtinendi,
1926 2389 2000 2468 aut

345 2497 556 2610 aliquibus
579 2495 772 2608 ecclesijs
793 2497 863 2580 vel
884 2496 964 2606 pijs
985 2496 1090 2579 loeis
1109 2495 1370 2578 coniunctim
1391 2495 1459 2578 vel
1481 2495 1644 2578 diuisim
1680 2495 1723 2576 in
1744 2502 1834 2579 toto
1857 2495 1925 2578 vel
1955 2496 1998 2577 in

343 2629 464 2727 parte
486 2617 672 2701 donandi
693 2626 736 2698 et
757 2615 1005 2726 assignandi
1039 2621 1165 2724 prout
1198 2614 1280 2698 sibi
1315 2613 1463 2696 melius
1486 2615 1683 2724 expedire
1719 2613 1881 2698 videbit
1902 2613 1998 2727 (sic)

346 2738 495 2820 damus
513 2745 556 2818 et
577 2735 847 2830 concedimus
870 2743 1019 2816 tenore
1040 2733 1305 2844 presencium
1340 2734 1552 2816 mediante
1574 2735 1872 2846 perpetualiter
1894 2743 1936 2816 et
1955 2735 2000 2816 in

346 2885 484 2960 evum,
512 2857 748 2966 peripsum
771 2863 814 2937 et
834 2880 934 2938 suos
959 2879 1225 2938 successores
1258 2853 1428 2936 tenendi
1448 2852 1634 2938 habendi
1655 2855 1912 2966 percipiendi
1948 2882 2000 2935 ae

339 3002 513 3085 proauo
540 2975 711 3059 arbitrio
733 2985 776 3058 et
795 2974 1013 3059 voluntate
1036 2973 1320 3059 conuertendi.
1368 2968 1486 3072 Quos
1509 2971 1680 3085 quidem
1701 3003 1854 3058 census
1876 2975 1998 3058 sede·
2123 3049 2125 3052 ,

344 3097 425 3178 cim
446 3083 696 3200 ma'roarum,
719 3093 915 3182 Seniores
937 3094 1027 3198 siue
1048 3094 1238 3204 magistri
1276 3090 1487 3196 Sutorum,
1524 3100 1701 3204 totaque
1721 3095 1907 3202 ipsorum
1929 3122 2001 3179 eo·

342 3215 527 3297 munitas
549 3241 625 3324 pro
646 3224 837 3324 tempore
859 3215 1100 3318 existentes,
1123 3223 1166 3292 et
1186 3214 1315 3295 ceteri
1334 3213 1377 3294 in
1398 3208 1583 3296 futurum
1606 3239 1782 3318 exnunc,
1819 3225 1862 3296 et
1883 3215 2001 3296 dein-

342 3357 442 3442 ceps
463 3335 680 3443 perpetuis
702 3330 977 3440 temporibus,
999 3329 1177 3443 singulis
1198 3331 1401 3416 videlieet
1418 3359 1495 3440 pro
1518 3329 1781 3444 quibuslibet
1816 3344 1996 3442 quatuor

338 3451 614 3561 temporibus,
635 3465 711 3560 pe'r
733 3459 1105 3559 quatuormaroas
1125 3451 1169 3532 in
1189 3458 1360 3536 moneta
1401 3453 1585 3534 currenti
1623 3461 1667 3533 et
1686 3459 1889 3536 consueta
1910 3451 1996 3552 Re-

337 3559 411 3682 gni
431 3573 563 3654 nostri
583 3570 830 3680 Incipiendo
852 3569 1110 3655 solucionem
1131 3598 1158 3650 a
1180 3581 1362 3682 quatuor
1382 3571 1657 3680 temporibus
1679 3570 1877 3656 Oinerum
1898 3599 1995 3680 pro-

336 3690 447 3784 xime
467 3687 630 3793 futuris
663 3698 706 3771 et
727 3689 1012 3785 continuando
1034 3715 1171 3798 usque
1194 3691 1250 3772 ad
1272 3684 1457 3774 debitam
1495 3701 1537 3772 et
1558 3691 1729 3774 totalem
1767 3691 1993 3774 eorundem

336 3835 537 3892 censuum
558 3809 878 3918 reempcionem,
898 3807 1062 3918 prefato
1083 3807 1262 3895 Nicolao
1283 3811 1326 3892 in
1347 3809 1588 3918 aoosznt‘jeze
1617 3806 1799 3917 plebano
1832 3837 1884 3892 ae
1899 3837 1994 3919 per-

335 3929 447 4014 sonis
469 3927 728 4039 quibuslibet
750 3925 1058 4038 Spiritualibus,
1088 3917 1245 4035 quibus
1263 3929 1377 4038 ipsos
1400 3955 1552 4011 census
1575 3930 1631 4010 ad
1653 3927 1833 4039 gloriam
1856 3939 1898 4010 et
1917 3929 1993 4012 ho-

337 4073 482 4130 norem
505 4049 705 4152 altissimi,
727 4075 802 4159 pro
823 4048 1047 4160 laudisque
1086 4047 1225 4130 diuine
1267 4048 1523 4132 incremento
1561 4047 1729 4131 duxerit
1763 4048 1997 4150 donandos,
2145 4091 2146 4098 κ

338 4176 412 4248 aut
425 4169 469 4249 in
490 4165 571 4251 alia
590 4169 760 4276 pietatis'
782 4195 912 4278 opera
938 4166 1192 4252 coniunctim
1228 4166 1297 4251 vel
1335 4167 1500 4250 diuisim
1535 4167 1578 4247 in
1597 4175 1700 4274 toto,
1720 4168 1789 4251 vel
1807 4167 1851 4249 in
1870 4175 1991 4276 parte

337 4285 612 4395 applicandos
634 4295 678 4368 et
697 4285 994 4400 adiungendos
1026 4286 1081 4370 ad
1109 4284 1435 4398 requisicionem
1469 4287 1734 4396 presencium
1766 4285 1930 4398 dabunt
1950 4294 1993 4368 et

334 4402 632 4516 assignabunt,
662 4403 921 4515 realiterque
943 4414 1103 4489 etcum
1141 4403 1299 4490 effectu
1334 4404 1591 4515 persoluant,
1628 4403 1739 4489 omni
1776 4403 1991 4508 dilacione,

439 4653 483 4732 (')
503 4653 739 4741 Koprzywaico,
756 4652 833 4720 urbs
848 4652 1121 4722 Sandomiriensis
1136 4654 1305 4720 territorii.

438 4739 479 4820 (³)
502 4737 674 4822 Kaiqiaiee,
691 4736 777 4818 villa,
800 4737 840 4839 de
858 4761 924 4840 qua
936 4741 1003 4822 jam
1017 4759 1128 4824 supra,
1143 4738 1177 4836 in
1194 4737 1407 4839 cracoviensi
1420 4737 1602 4838 provincia:
1647 4823 1654 4837 ·
1748 4773 1751 4782 .
1827 4826 1833 4838 .

356 4909 363 4922 ι
425 4823 478 4922 ,(4)
503 4819 627 4905 Studet,
644 4821 731 4896 urbs,
758 4845 901 4910 regionis
930 4829 1006 4890 suae
1026 4821 1388 4910 -caput‚errad1ens1
1415 4821 1491 4890 clun
1505 4844 1686 4908 provmcra,
1713 4823 1980 4896 nunc·1nKalis·

337 4929 444 4976 sremr.
1988 4941 1990 4949 .

1787 5039 1791 5048 ·
1825 5017 1885 5082 58*
