4930 5922
939 819 942 828 Ι
1087 739 1152 764 ..-
1194 705 1273 782 1⁰83
1319 739 1381 761 ····

390 903 589 1002 Boldclao
609 923 656 997 et
675 907 913 998 Wladlulco
941 906 1030 994 filio
1058 908 1139 994 suo
1160 904 1478 992 demirantibus
1496 904 1740 994 apennis
1771 909 1981 1001 duximus
1995 917 2066 996 rel

391 1034 604 1136 nouanda,
620 1041 670 1113 et
690 1055 776 1140 que
795 1028 935 1115 minus
953 1021 1096 1110 lucide
1120 1026 1236 1108 dicta
1255 1023 1444 1127 fuerant,
1467 1025 1727 1110 declaranda
1748 1035 1792 1110 et
1812 1028 1939 1112 etiam
1962 1057 2064 1114 cou-

391 1150 619 1252 limanda,
639 1167 697 1228 ne
717 1139 856 1255 caligo
876 1141 1104 1228 uetustatis
1124 1143 1170 1226 et
1188 1140 1342 1253 rubigo
1363 1143 1631 1254 antiquitatis
1650 1147 1970 1256 priuilegiorurr'r
1990 1148 2067 1230 dar

390 1257 532 1353 torum¹
548 1258 783 1375 Tynciensi
804 1262 1061 1346 Monasterio
1081 1264 1126 1343 in
1143 1273 1363 1371 posterum
1393 1261 1572 1370 possent
1592 1263 1766 1376 aliquod
1786 1263 2064 1374 preludieium
2151 1351 2154 1358 ,

391 1377 613 1497 generare.
674 1381 868 1482 Quarum
889 1377 1165 1465 donationum
1186 1390 1230 1461 et
1248 1379 1493 1462 libertatum
1515 1375 2063 1466 confirmationem-factam
2125 1399 2128 1410 '

388 1529 466 1613 per
485 1503 768 1588 venerabilem
791 1507 956 1610 patrem
977 1500 1194 1582 dominum
1214 1497 1434 1608 Egydium
1471 1494 1765 1582 Tusculanum
1799 1497 2062 1609 Episcopum

390 1621 521 1705 felicis
556 1610 864 1736 recordationis
887 1617 941 1698 ds
961 1611 1094 1702 verbo
1116 1616 1172 1698 ed
1191 1615 1372 1699 verbum
1408 1617 1677 1723 presentibus
1707 1613 1959 1702 inseruimus
1980 1617 2061 1700 sub

390 1739 474 1822 hac
494 1737 643 1822 forma.
966 1762 968 1770 ’
1444 1752 1450 1776 ’
1730 1785 1737 1794 ·

402 1941 404 1946 ,
494 1855 632 1968 1110)
666 1854 837 1939 nominc
881 1853 1014 1960 patris
1047 1860 1090 1933 et
1117 1849 1193 1933 filii
1226 1859 1268 1932 et
1295 1851 1468 1960 'spiritus
1499 1839 1650 1934 sanct·
1713 1849 1876 1936 Omnes
1915 1849 2065 1940 fideles

156 2065 161 2074 ,
391 1961 640 2057 christianos
664 1973 738 2084 qui
759 1971 826 2051 dei
847 1997 900 2052 ec
921 1965 1099 2081 proximi
1135 1967 1405 2054 dilectionem
1426 1968 1585 2052 habere
1606 1973 1839 2055 noscrmtur
1867 1979 2063 2054 sanctum
2222 2057 2228 2070 ,

297 2168 301 2174 ,
391 2115 442 2174 ec
461 2089 747 2176 venerabilem
785 2085 943 2172 Christi
977 2085 1217 2174 Ecclesiam
1233 2086 1354 2170 -fideli
1373 2089 1625 2170 reuerencia
1660 2089 1870 2172 condecet
1889 2113 2062 2198 sugere,

390 2219 433 2292 et
451 2210 801 2292 monasteriorum
826 2201 971 2326 'quieti
1006 2231 1176 2288 summa
1204 2229 1305 2286 cum
1338 2203 1564 2288 deuotione
1584 2217 1672 2287 tam
1693 2209 1738 2287 iu
1756 2207 2063 2315 temporalibus

316 2325 338 2375 '¹
390 2349 521 2437 quam
541 2327 586 2406 in
606 2321 1149 2439 spiritualibus-prouidere,
1170 2349 1223 2404 ne
1245 2321 1536 2434 religiosorum
1568 2326 1753 2406 virorum
1774 2325 1896 2436 quies
1916 2326 2063 2434 aliqua

388 2445 694 2526 interueniente
733 2442 1039 2545 controuersia,
1075 2437 1333 2544 distichum,
1367 2451 1513 2522 eterne
1550 2439 1785 2526 dulcedinis
1807 2445 2061 2524 suauitatem

389 2559 619 2671 degustare
653 2567 697 2640 et
716 2568 864 2640 sancte
902 2557 1118 2643 deuotioni
1153 2569 1280 2666 prout
1315 2557 1442 2640 saluti
1473 2559 1624 2642 eorum
1661 2561 1835 2670 expedit
1868 2561 2062 2644 insistere

354 2681 616 2788 nequeant.
666 2672 950 2786 ,Quapropter
982 2704 1064 2786 ego
1095 2676 1291 2787 Egydius
1324 2674 1629 2760 Thusculanus
1651 2676 1891 2787 Episcopus
1914 2687 2094 2762 sancte·
2222 2739 2225 2746 ,

388 2794 582 2880 Romane
604 2793 797 2878 Ecclesia
821 2803 864 2878 et
885 2793 1041 2880 domini
1076 2791 1251 2902 Kalyxti
1270 2793 1389 2902 Papa
1410 2820 1485 2902 per
1505 2791 1809 2906 Huugaricum
1831 2805 1875 2878 et
1893 2796 2062 2879 Poloni-
2099 2789 2101 2796 '

388 2939 486 2995 cum
509 2911 711 3022 Regnum
729 2911 919 3026 legatus,
956 2921 1105 2996 sancte
1129 2911 1349 2996 Tinciensi
1367 2907 1885 2998 Ecclesia-ccruenciente
1905 2911 2061 3022 glorio·
2176 2965 2188 2972 -

388 3029 554 3113 sissimo
584 3023 840 3113 Polonorum
871 3029 994 3114 Duce
1016 3027 1215 3113 Bolezlao
1238 3037 1282 3110 et
1301 3025 1387 3112 filio
1410 3026 1759 3130 eiuszadizlao
1782 3041 1826 3112 et
1845 3029 2060 3140 Episcopo

388 3143 664 3235 Crotoniensi
705 3143 917 3249 Radosto,
937 3239 944 3250 ⁸
964 3145 1174 3257 quidquid
1210 3145 1361 3228 eadem
1396 3143 1592 3232 Ecclesia
1622 3147 1667 3232 in
1695 3148 1853 3259 prediis
1887 3157 1930 3232 et
1960 3145 2059 3231 roris

388 3261 631 3346 Thabernis
655 3271 698 3344 et
717 3263 903 3346 macellis
936 3264 1207 3372 presentibus
1234 3273 1285 3346 et
1312 3263 1463 3347 bituris
1495 3273 1539 3349 et
1559 3266 1677 3377 quod
1711 3265 1921 3376 polonico·
1944 3291 2062 3351 more

387 3375 606 3466 Pornocdne
652 3379 822 3478 dicitur,
868 3379 957 3466 sive
991 3407 1157 3466 omnem
1195 3407 1370 3466 censum
1402 3383 1518 3494 quali
1538 3384 1607 3467 val
1627 3411 1901 3500 quocumque
1930 3385 2059 3470 ‘modo

386 3497 619 3608 vulgariter
638 3508 920 3608 nuncupetur,
942 3510 986 3582 et
1006 3499 1231 3586 duodecim
1252 3497 1418 3588 Marcas
1441 3503 1610 3615 argenti
1628 3530 1706 3611 pro
1728 3507 1869 3590 occiso
1889 3503 2061 3589 homine

388 3615 627 3720 soluendus,
649 3617 686 3699 si
705 3617 816 3699 inter
852 3618 1043 3701 homines
1079 3615 1271 3702 Ecclesie
1309 3620 1548 3704 Tinciensis
1586 3624 1704 3730 quod
1723 3623 1840 3704 absit
1856 3621 2060 3718 euenerit,

280 3771 285 3780 ·
390 3757 476 3842 que
497 3733 637 3816 omnia
659 3733 796 3818 eidem
812 3733 1005 3820 Ecclesie
1027 3766 1053 3820 a
1068 3733 1255 3822 Bolezlao
1271 3737 1394 3848 Rege
1413 3747 1454 3820 et
1470 3735 1653 3820 Juditha
1668 3735 1838 3848 Regina
1855 3763 2060 3820 concessa

286 3859 290 3864 '
392 3874 486 3940 esse
505 3845 699 3957 prefatus
718 3851 819 3934 Dux
839 3854 1090 3938 testabatur.
1113 3863 1156 3936 et
1176 3884 1202 3937 a
1223 3884 1281 3960 sc,
1303 3865 1347 3940 et
1362 3855 1418 3936 ab
1435 3853 1632 3939 omnibus
1654 3855 1759 3936 auis.
1780 3855 1951 3962 proauis
1972 3854 2060 3934 suis

388 3975 636 4052 reuerentur
672 3971 897 4054 custodita.
934 3971 1188 4054 testabatur.
1211 3969 1427 4084 apostolica
1447 3971 1712 4056 Auctoritate
1735 3970 1935 4080 decretali
1958 3998 2060 4053 con·

389 4085 581 4169 cessione
616 4085 832 4170 firmamus
869 4089 1079 4200 quidquid
1114 4091 1248 4176 habet
1269 4103 1311 4174 et
1330 4099 1459 4194 tenet,
1489 4089 1558 4176 vel
1577 4088 1716 4174 furum
1738 4098 1928 4196 tompore
1948 4088 2065 4198 iusta

390 4204 636 4315 acquisierit
651 4203 719 4318 (⁴).
752 4203 824 4287 ·1d
847 4215 912 4288 est
932 4205 1234 4292 Ehinciensem
1255 4209 1395 4292 villam
1417 4235 1514 4288 cum
1536 4209 1717 4291 transitu
1747 4207 1889 4292 nauali
1910 4215 1954 4318 et
1973 4233 2059 4288 una

388 4319 588 4428 taberna,
619 4323 959 4424 secundaultra-
981 4325 1155 4410 fluuium
1178 4353 1276 4408 cum
1297 4333 1397 4410 voto
1418 4323 1553 4430 Ducis
1576 4325 1800 4430 duodecim
1817 4323 2060 4410 Marcarum
2084 4351 2094 4361 ·

270 4539 275 4548 .
391 4443 566 4548 argenti-
588 4441 785 4526 attribue
821 4443 1004 4551 poledris
1040 4445 1216 4552 singulis
1253 4445 1375 4526 annis
1405 4455 1450 4526 et
1479 4442 1674 4529 omnibus
1708 4445 1909 4532 ministris
1945 4444 2061 4528 curie
2203 4491 2208 4498 ·

496 4735 539 4818 (⁸)
561 4737 775 4827 Privilegium
789 4741 927 4830 Aegidii
943 4739 1119 4809 cardinalis
1135 4763 1221 4806 auno
1236 4715 1328 4806 11'25.
1385 4739 1387 4746 ⁴

496 4819 542 4903 (⁴)
562 4819 776 4912 Pririlegium
791 4827 942 4911 sequitur
955 4824 1101 4922 Boleslai
1114 4825 1213 4912 primi
1230 4831 1326 4914 regni
1341 4825 1422 4894 dicti
1444 4825 1589 4916 chrobry.
