4822 5924
814 801 817 814 ι
959 705 1231 780 -ars-

275 937 336 993 aa.
365 905 520 992 Actum
541 917 585 992 et
606 907 752 991 datum
771 901 978 989 Crocovioe
997 907 1041 988 in
1063 906 1128 988 die
1143 903 1304 990 Beatae
1322 905 1604 992 Scholasticae
1622 905 1828 1021 Virgims.¹
1848 911 1914 994 Da

273 1027 398 1113 Anno
417 1027 586 1112 Domini
605 1027 660 1112 M.
683 1025 810 1112 000.
831 1023 968 1110 Lxx.
990 1025 1107 1108 VIII.
1152 1027 1449 1110 Praesentibus
1470 1025 1689 1110 Nobilibus
1710 1030 1805 1113 vin's
1826 1030 1918 1115 Do-

273 1149 395 1230 minis
436 1147 680 1258 Mszozugio
724 1145 1043 1232 Suboamerano
1085 1145 1376 1250 Oraooviensi,
1416 1145 1591 1232 Nicolao
1628 1147 1679 1228 de
1714 1147 1913 1258 Borzyna

273 1265 469 1352 Miroslao
507 1266 559 1348 de
593 1264 798 1367 Nestorea,
829 1263 997 1348 Ioanne
1029 1264 1080 1347 de
1120 1261 1303 1376 Wlpino,
1336 1264 1554 1351 Ozadrone
1588 1266 1639 1348 de
1674 1263 1815 1350 Kidoro
1848 1265 1914 1379 (¹),
1956 1341 1957 1348 Ν
2032 1317 2035 1325 1

276 1383 496 1471 Seozeslao
519 1384 572 1467 de
593 1383 827 1486 Janowa'ozs,
862 1383 1053 1468 Pasoona
1085 1383 1136 1466 de
1157 1381 1319 1494 Rylr‘cze
1354 1383 1623 1490 haeredibus,
1644 1385 1823 1468 testibus
1860 1387 1915 1468 ad

274 1531 518 1616 praemissa.
1670 1531 1673 1538 ’

380 1739 417 1820 (Il
438 1737 565 1814 Kiddw,
580 1735 678 1802 hodie
693 1735 770 1802 villa
782 1735 979 1824 parochialis
993 1735 1027 1802 in
1042 1734 1228 1806 Ilcussiensi
1249 1738 1422 1806 territorio.
1432 1745 1464 1804 et
1478 1736 1639 1804 Pilecensi
1654 1739 1807 1824 regiona·
1821 1738 1915 1806 Alias

276 1821 371 1889 villas
386 1825 419 1887 in
434 1821 594 1887 indicibus
614 1821 762 1888 locorum
776 1831 810 1888 et
824 1821 947 1888 chartis
976 1821 1205 1972 geoffaphiois
1219 1845 1286 1889 non
1300 1823 1490 1890 invenimus.
1532 1824 1687 1890 Jonowz're
1703 1846 1781 1889 vero
1797 1823 1916 1892 multae

277 1916 353 1974 sunt
366 1907 460 1973 villae
475 1907 509 1972 ln
523 1907 636 1994 Regno
645 1905 800 1972 Poloniac
816 1907 969 1986 moderno
986 1929 1020 1971 m
1059 1905 1241 1972 raooviensi
1256 1917 1289 1972 et
1301 1907 1557 1982 Sandomiriensi
1571 1907 1807 1992 palatinatibus·
1832 1907 1915 1976 Sunt

276 1991 397 2062 Ibidem
410 1993 560 2060 locorum
574 2003 607 2057 et
620 1992 714 2058 villae
730 1991 903 2058 nonnullae
919 1989 1017 2077 vulgo
1032 1993 1135 2060 Ιλεόω
1150 1991 1268 2069 dictae,
1284 1993 1423 2059 sednon
1436 1994 1593 2073 Incendor,
1608 1992 1657 2056 uti
1670 1994 1704 2058 in
1719 1994 1838 2060 tabula

1034 2453 1165 2573 nx.

533 2693 997 2840 cannatae-aa
1014 2711 1333 2796 necemus
1350 2709 1488 2798 rsrs
1507 2695 1672 2798 aaut.

321 2877 752 3006 &conmendandum
772 2933 961 3008 mmmm
973 2932 1227 3022 tuduinum,
1241 2932 1365 3006 mun
1378 2935 1495 3024 panon
1509 2951 1651 3009 sennan
1665 2934 1697 3008 in
1710 2930 1878 3008 molundino

398 3036 497 3110 aira
510 3037 615 3110 urban
628 3037 859 3112 amaneum
872 3036 950 3125 sito,
962 3037 1107 3112 Irmoori
1121 3035 1349 3110 molendinarii
1363 3035 1471 3128 vigint
1487 3037 1599 3156 nuris
1611 3036 1716 3110 vendit
1730 3039 1784 3122 (¹).

384 3241 435 3326 In
454 3245 620 3329 nomine
642 3243 797 3328 domini
816 3232 964 3329 Amen.
1014 3244 1103 3330 Nos
1140 3243 1170 3330 J
1172 3245 1357 3328 ohannes
1393 3244 1658 3338 Castellanus
1699 3244 1920 3330 Sandomi·

278 3359 427 3447 riensis
457 3389 620 3446 necnon
649 3361 785 3446 Heres
808 3363 858 3444 de
881 3365 1073 3446 Ttarnow
1103 3364 1465 3476 Recognoscimus
1494 3365 1695 3448 universis
1717 3359 1809 3445 tam
1824 3389 1924 3471 pre<

280 3479 471 3563 sentibus
494 3505 622 3588 quam
643 3478 792 3562 futuris
812 3491 1050 3592 presentem
1068 3481 1229 3565 literam
1258 3484 1527 3593 inspecturis,
1558 3480 1683 3582 Quod
1713 3479 1921 3564 Franconi

176 3696 182 3706 .
280 3597 602 3682 molendinatori
632 3599 805 3706 terciam
834 3608 1052 3681 metretam
1086 3627 1426 3712 seulmensuram
1446 3603 1488 3684 in
1508 3613 1649 3687 nostro
1684 3597 1920 3684 molendino
2064 3675 2074 3700 ,

282 3719 395 3800 circa
414 3716 631 3801 Latrificia
650 3709 748 3800 foris
771 3706 979 3823 civitatem
1002 3701 1360 3805 Tharnoviensem
1389 3721 1544 3802 iacenti
1563 3721 1650 3823 iure
1664 3716 1920 3816 ‚hereditario

281 3863 358 3946 pro
378 3837 528 3950 viginti
548 3834 820 3950 marcas.(sio)
830 3863 1069 3948 grossorum
1089 3835 1351 3924 vendidimus
1372 3836 1452 3921 sibi
1472 3847 1514 3920 et
1533 3839 1780 3946 suispueris
1802 3845 1845 3920 et
1862 3836 1922 3918 le-

284 3956 457 4070 gittimis
479 3955 791 4056 successoribus
806 3967 1010 4070 perpetuo
1026 3957 1256 4060 valituram,
1273 3956 1341 4070 oui
1358 3956 1526 4068 quidem
1542 3950 1777 4064 addidimus
1792 3983 1925 4048 unum¹

284 4085 422 4158 ortum
453 4077 565 4158 circa
594 4075 890 4168 molendinum,
910 4073 1168 4188 predictum,
1185 4077 1229 4156 in
1249 4102 1335 4188 quo
1358 4075 1528 4186 quidem
1549 4086 1638 4170 orto
1660 4073 1920 4162 solummodo

283 4193 447 4276 secabit
481 4194 620 4278 caules
643 4205 684 4276 et
705 4185 831 4304 depe,
862 4203 905 4276 et
924 4195 1006 4280 hoo
1037 4205 1242 4307 quantum
1272 4191 1395 4277 fuerit
1425 4195 1683 4280 solummodo
1713 4195 1920 4306 indigenti

281 4339 359 4423 pro
381 4338 458 4393 sua
477 4313 653 4396 utilitate
675 4321 717 4395 et
735 4341 819 4399 non
838 4313 951 4424 plus;
985 4319 1027 4396 et
1048 4316 1218 4422 quando
1238 4313 1350 4399 idem
1368 4315 1649 4398 molendinum
1670 4313 1809 4426 aliquo
1830 4337 1919 4394 mo·

284 4431 339 4515 do
361 4429 654 4537 destrueretur,
685 4441 838 4516 extimo
867 4432 976 4514 idem
1007 4429 1170 4520 Franco
1192 4435 1330 4519 omnia
1348 4431 1502 4522 robora
1521 4461 1596 4518 seu
1616 4433 1857 4536 attinentia,
1875 4429 1920 4512 in

389 4692 428 4774 (¹)
450 4688 677 4798 Apographon
691 4689 942 4780 aheplrovvsoio
957 4691 1135 4795 habuimus.
1158 4695 1193 4759 In
1213 4692 1310 4792 dorso
1325 4695 1394 4792 ejus
1407 4693 1558 4780 leguntur
1572 4693 1744 4794 sequentia
1756 4693 1917 4780 polonice:

284 4779 379 4864 „Pan
394 4777 459 4845 elan
479 4777 504 4840 b
520 4775 684 4842 Tarnowa
700 4775 864 4844 Castellan
879 4777 1130 4865 Scndomrrszk1J
1146 4788 1287 4859 trzeczra
1300 4801 1401 4861 mrare
1417 4801 1464 4844 we
1478 4777 1600 4866 mlynre
1614 4781 1809 4866 Zamurnym
1824 4777 1919 4846 Thar-

285 4863 446 4934 novskim
459 4859 632 4930 Frankowi
646 4860 858 4948 mlynarzovl
872 4884 912 4930 za
926 4864 968 4930 20
982 4862 1145 4950 grzywien
1157 4861 1317 4951 sprzedal.
1336 4865 1416 4930 1378
1434 4863 1477 4930 r.'‘
