4856 5932
1051 655 1329 806 ss-ur-

357 925 641 1016 tenoisuimus
675 955 730 1010 ac
765 926 1119 1036 pronuncciamus
1156 935 1198 1010 ot
1218 973 1221 978 Δ
1239 927 1561 1014 Sentenciamus
1601 927 1647 1012 in
1685 927 1799 1012 huno
1839 905 2011 1014 modum

279 1141 281 1146 ,
308 1051 312 1058 ’
354 1046 481 1133 (iristi
500 1047 669 1148 nomine
689 1047 889 1130 inuocato
911 1075 963 1130 ex
985 1047 1104 1130 cuius
1126 1047 1250 1130 vultu
1284 1048 1397 1134 iusta
1432 1046 1673 1156 procedunt
1703 1046 1874 1130 iudicia.
1922 1046 2012 1134 Nos

355 1165 569 1276 Sbigneus
607 1165 824 1276 deigracia
852 1165 1092 1275 Episcopus
1124 1165 1421 1252 Oracouiensis
1461 1175 1542 1252 etc.
1573 1193 1650 1276 per
1679 1165 1791 1248 hanc
1823 1174 2010 1252 nostram

353 1285 594 1370 arbitralem
617 1281 887 1370 Sentenciam
908 1311 1038 1393 quam
1059 1284 1227 1372 ferimus
1259 1287 1301 1369 in
1332 1287 1413 1396 hijs
1442 1287 1611 1396 scriptis
1642 1284 1892 1370 arbitramur
1913 1312 2013 1394 pro·

351 1406 629 1488 nuncciamus
659 1403 881 1488 laudamus
915 1403 1179 1488 decernimus
1210 1406 1477 1492 declaramus
1515 1403 1743 1488 diffinimus
1765 1412 1809 1488 et
1830 1401 2012 1488 Senten-

352 1524 513 1608 oiamus
534 1523 668 1631 primo
692 1552 743 1606 ac
766 1523 1052 1634 principaliter
1083 1534 1126 1606 ct
1153 1535 1251 1608 ante
1286 1528 1437 1610 omnia.
1485 1521 1612 1624 Quod
1633 1525 1675 1606 in
1696 1523 1845 1608 eodem
1864 1522 2012 1609 Mona·

351 1643 477 1730 sterio
496 1643 539 1724 in
562 1641 805 1753 Stanyatltlty
841 1644 897 1726 sit
930 1645 1168 1755 prepositus
1189 1673 1265 1755 per
1279 1645 1555 1731 Abbatissam
1572 1652 1616 1726 et
1631 1641 1806 1730 Sorores
1823 1643 2012 1728 eiusdem

352 1760 603 1850 Oonuentus
636 1763 795 1846 electus
825 1765 899 1871 qui
929 1767 1072 1850 valcat
1104 1763 1262 1848 eisdem
1290 1764 1528 1876 virginibus
1563 1766 1607 1846 in
1641 1759 1939 1874 spiritualibus
1968 1771 2012 1846 et
2131 1811 2134 1817 =

350 1879 636 1992 Regularibus
658 1910 803 1966 curam
826 1909 1033 1966 exercere.
1066 1881 1133 1965 Ita
1154 1892 1298 1966 tamen
1320 1885 1437 1993 quod
1464 1881 1654 1994 prefatus
1682 1883 1924 1993 prepositus
1957 1883 2012 1966 ait

350 2001 593 2110 temporalis
614 2001 670 2083 ad
689 2001 950 2086 voluntatem
973 2002 1204 2087 Abbatisse
1233 2004 1492 2088 remouibilis
1530 2011 1573 2086 et
1592 2002 1628 2086 si
1650 2002 1767 2110 quod
1788 2000 1902 2085 absit
1921 1999 2012 2085 Ab·

351 2121 431 2209 bas
450 2122 678 2232 requisitus
698 2148 775 2229 per
793 2119 1069 2208 Abbatissam
1090 2134 1133 2206 et
1155 2123 1424 2208 Conuentum
1455 2149 1578 2210 suum
1609 2148 1778 2204 suarum
1812 2117 2012 2206 Sororum

351 2245 393 2323 in
414 2239 498 2324 hoc
520 2240 743 2354 negligens
764 2237 901 2342 fucrit,
924 2251 1079 2326 extunc
1107 2251 1346 2326 recurratur
1368 2243 1423 2325 ad
1443 2241 1704 2350 Episcopum
1734 2241 1808 2352 qui
1837 2240 2013 2349 cognita

352 2385 483 2444 causa
502 2358 748 2443 racic'nabili
768 2361 908 2466 ipsum
928 2362 1018 2446 sinc
1041 2359 1269 2446 difficultat
1252 2360 1555 2446 teremouebit
1591 2385 1677 2468 quo
1710 2365 1899 2444 ammoto
1918 2357 2011 2444 Ab·

350 2478 514 2562 batissa
534 2507 631 2562 cum
650 2505 728 2564 suo
751 2477 978 2564 Oonuentu
998 2480 1218 2564 habebunt
1236 2489 1495 2590 potestatem
1525 2479 1652 2562 alium
1672 2478 1935 2587 prepositum
1957 2477 2008 2562 de

353 2597 502 2684 eodem
524 2598 780 2684 Monasterio
803 2595 1036 2682 Tiniciensi
1057 2599 1213 2711 eligere
1235 2627 1361 2709 quem
1385 2601 1447 2682 sic
1471 2599 1653 2684 electum
1682 2595 1832 2682 Abbas
1863 2594 2011 2680 Mona·

351 2717 465 2826 sterij
498 2717 732 2827 predicti
699 2745 735 2800 s1
757 2717 856 2802 dare
889 2718 1072 2803 eundem
1099 2717 1332 2805 Abbatissc
1363 2728 1407 2802 et
1437 2716 1680 2803 Conuentui
1711 2743 1789 2802 suo
1813 2714 2013 2802 Sororum

348 2836 623 2952 recusauerit
645 2845 716 2920 ext
717 2864 798 2920 unc
822 2837 949 2922 alium
969 2836 1213 2950 religiosum
1235 2837 1543 2948 cuiuscumque
1562 2835 1709 2948 regule
1732 2835 1783 2918 de
1806 2860 2013 2944 quocum-

351 2985 435 3068 que
459 2899 652 3043 Claustra
680 2955 823 3069 Regni
850 2955 1025 3044 Polonie
1061 2957 1296 3043 Abbatissa
1336 2969 1379 3040 et
1400 2956 1646 3044 Conuentus
1677 2956 1858 3064 predicti
1878 2953 2013 3041 habe·

350 3075 554 3160 buntt
478 3104 533 3186 po
536 3083 735 3160 testatem
757 3077 954 3186 eligendi
1002 3076 1110 3162 Item
1133 3077 1251 3190 quod
1270 3076 1506 3162 Abbatissa
1534 3101 1631 3158 eum
1661 3076 1877 3216 preposito
1909 3102 2011 3162 con·

350 3196 530 3280 stituant
549 3224 679 3280 vnum
700 3205 1017 3304 procuratorem
1036 3197 1299 3306 spiritualem
1318 3199 1390 3282 uel
1411 3196 1644 3282 secularem
1673 3197 1749 3304 qui
1766 3193 1883 3280 bona
1904 3204 2013 3280 tem·

348 3315 512 3426 poralia
546 3315 738 3398 eiusdem
773 3313 1053 3425 Monasterij
1043 3345 1087 3400 m
1116 3316 1362 3428 Stanyatblcy
1394 3313 1654 3434 gubernabit
1687 3311 1911 3398 Termiuos
1947 3323 2013 3398 at·

350 3431 577 3542 temptabit
604 3443 648 3514 et
678 3431 866 3540 hospites
899 3434 1128 3520 aduenient
1110 3447 1174 3536 tes
1211 3437 1424 3546 suscipiet,
1462 3429 1515 3518 de
1551 3459 1764 3520 consensu
1796 3442 1940 3516 tamen
1970 3443 2013 3516 et

349 3551 552 3637 mandato
574 3549 807 3636 Abbatisse
829 3563 872 3633 et
891 3557 1080 3663 proposit
1082 3556 1095 3636 i
1117 3558 1257 3640 omnia
1280 3565 1323 3638 et
1344 3555 1516 3668 singula
1543 3554 1656 3638 idem
1675 3558 1875 3660 procurat
1877 3577 1923 3634 or
1945 3578 2012 3638 or-

338 3672 533 3758 dinotet
554 3670 763 3780 disponat,
787 3672 861 3781 qui
884 3674 1017 3755 eciam
1038 3684 1290 3783 procurator
1312 3674 1490 3786 singulis
1516 3673 1636 3756 annis
1658 3680 1701 3752 et
1720 3671 1883 3754 tociens
1906 3698 2014 3784 quo·

215 3783 218 3790 ’
351 3795 463 3876 ciens
484 3789 714 3898 requisitus
735 3790 873 3894 fucrit,
895 3790 1127 3878 Abbatisse
1150 3821 1247 3876 cum
1266 3795 1481 3903 preposito
1503 3789 1717 3876 tenebitur
1743 3788 1923 3874 reddere
1942 3820 2011 3876 ra·
2142 3883 2143 3888 J
2299 3801 2301 3804 ’

351 3913 514 3998 cionem
552 3911 602 3994 de
641 3910 851 3995 Oensibus
894 3922 938 3996 et
973 3911 1063 4021 alijs
1098 3911 1340 4022 Monasterij
1381 3910 1620 3996 huiusmodi
1662 3908 2011 3997 obuencionibus.

189 4099 191 4104 .
351 4025 604 4114 Ordinamus
625 4032 761 4114 eciam
784 4031 900 4140 quod
922 4030 1036 4116 bona
1057 4042 1101 4114 ct
1120 4059 1267 4115 omncs
1289 4044 1332 4114 et
1353 4033 1519 4144 singule
1540 4035 1721 4141 pecunie
1736 4030 1826 4114 siue
1844 4029 2016 4116 Oeneus

349 4148 592 4258 Monasterij
630 4151 808 4258 predicti
836 4162 1094 4260 reponantur
1133 4153 1175 4234 in
1211 4180 1337 4236 vnam
1372 4150 1535 4237 Oistam
1571 4177 1796 4234 comunem
1832 4149 1930 4262 (sic)
1966 4151 2009 4234 in

350 4267 573 4368 Thesauro
608 4267 854 4379 Monasterij
886 4273 928 4352 in
962 4269 1207 4380 Stcnyalhltp
1239 4271 1320 4355 sub
1350 4271 1506 4381 triplici
1535 4279 1739 4354 seratura.
1786 4269 1855 4352 Ita
1892 4269 2009 4379 quod

349 4413 478 4470 vnam
498 4388 661 4470 clauem
684 4387 844 4473 habeat
863 4389 1110 4477 Abbatiesa.
1133 4391 1366 4474 secundam
1387 4389 1637 4500 prepositus,
1668 4399 1713 4470 et
1731 4386 1904 4470 terciam
1925 4417 2011 4478 vna

351 4503 479 4590 Soror
500 4534 629 4616 quam
651 4505 808 4591 adhoc
831 4508 1038 4617 elegerint
1058 4517 1198 4606 cetere
1221 4509 1397 4594 Sorores
1420 4507 1608 4592 eiusdem
1632 4505 1880 4592 Oouuentus
1899 4515 1942 4590 et
1957 4508 2009 4592 de

349 4625 498 4710 eodem
521 4624 743 4710 Thesauro
767 4629 935 4710 comuni
956 4657 1042 4714 non
1062 4628 1183 4712 aliter
1202 4629 1284 4710 nisi
1306 4628 1358 4710 de
1380 4629 1491 4710 scitu
1524 4627 1702 4708 istarum
1732 4649 2008 4760 personarum

347 4745 474 4831 trium
495 4771 573 4855 pro
594 4743 843 4830 utilitatibus
864 4745 1042 4858 singulis
1063 4755 1106 4828 et
1126 4745 1453 4830 necessitatibus
1484 4753 1572 4826 tam
1602 4742 1846 4853 Monasterij
1880 4747 2018 4852 quam·

347 4863 579 4948 Abbatisse
596 4865 884 4998 prepositique
901 4876 945 4948 et
961 4863 1161 4951 Sororum
1181 4867 1300 4948 iuxta
1316 4875 1474 4948 statum
1491 4872 1534 4946 et
1549 4862 1842 4956 condicionem
1858 4891 2008 4948 earun-

454 4997 523 5038 'romu
525 4997 590 5040 e.111
1763 4996 1802 5062 51
