4952 5926
1133 685 1386 756 ..24-

338 889 399 1022 sl
423 888 711 974 eoramnobis
732 915 808 996 per
829 893 969 986 certos
1000 882 1276 970 Oorisiliarios
1302 889 1475 974 vnostros
1488 872 1990 1002 'l‘r‘iuilegiatradsoim'
2005 915 2087 974 uu·

314 1023 339 1062 s
421 1035 538 1092 mero
559 1005 812 1088 famatorum
832 1003 1111 1106 Proconsulis,
1135 999 1367 1086 Consulum
1388 1028 1438 1082 ao
1459 1003 1591 1102 totius
1621 1007 1935 1089 communitatis
1969 1007 2086 1092 Giui·
2276 1095 2282 1104 ,
2369 1071 2374 1082 .

422 1126 524 1208 tatis
544 1121 1094 1215 nostrae·Sandomiriensis
1114 1121 1296 1224 nomine,
1319 1117 1646 1204 ⁴thdationem
1663 1123 2085 1231 eiusdem'Oiuitatis,
2206 1107 2214 1126 ⁴

358 1339 361 1344 ,
423 1271 474 1328 ac
496 1243 744 1326 donationes
766 1248 918 1343 certas,
939 1241 1292 1321 immunitates’et
1310 1237 1726 1349 praerogatiuas,zab
1742 1243 2085 1328 antecessoribus

423 1362 593 1468 nostris,
613 1371 701 1440 tam
722 1357 932 1461 Ducibus,
965 1363 1098 1468 quam
1128 1354 1322 1465 Regibus
1343 1356 1684 1460 illisooueessas,
1719 1359 2085 1470 aliasque'bints,

379 1489 385 1502 '
419 1505 527 1560 unas
549 1475 982 1578 dudicisTerrestris,
1018 1476 1122 1557 alias
1154 1473 1341 1582 supremi
1376 1471 1492 1556 duris
1511 1473 1926 1586 ·Mny,dburgensis.·=
1945 1479 2086 1564 casui

422 1595 788 1684 Sandomiriensis.
822 1593 1014 1676 Tametsi
1035 1593 1245 1704 quasdam
1265 1595 1680 1697 vetustateattritas,
1711 1596 1937 1677 itatameu
1955 1607 2007 1678 ut·
2023 1597 2084 1680 lea

420 1716 467 1824 gi
487 1713 629 1798 omnia
648 1719 836 1820 possent,
858 1714 971 1795 nulla
991 1722 1133 1810 tamen
1155 1713 1200 1792 in
1219 1721 1343 1818 parte
1364 1721 1604 1820 suspectas,
1624 1721 1667 1792 et
1687 1711 1837 1821 sigillis
1850 1714 2084 1821 pensilibus

419 1833 657 1930 sericeiset
675 1831 1314 1939 pergamensiseommunitasq
1331 1829 1389 1910 Et
1410 1834 1613 1939 quoniam
1643 1831 1689 1910 in
1704 1829 1866 1913 illarum
1898 1835 2085 1916 omnium

330 1979 333 1984 ·
416 1975 501 2030 usu
521 1975 575 2029 ae
593 1949 863 2056 possessione
885 1950 1087 2034 continua
1109 1957 1151 2028 et
1170 1945 1354 2055 pacifica
1373 1945 1575 2032 firissese
1590 1955 1757 2056 semper
1776 1959 1823 2030 et
1841 1977 1957 2032 nuno
1990 1976 2085 2036 esse

420 2076 625 2168 asserunt,
647 2075 885 2148 metuentes
905 2076 1061 2168 tamen,
1082 2093 1137 2146 no
1158 2065 1383 2174 iniquitate
1416 2071 1629 2176 temporis,
1667 2073 1741 2146 aut
1763 2093 1876 2148 ¹casu
1910 2064 2124 2152 fortuito*

417 2183 508 2266 illas
529 2175 792 2284 intercidere,
823 2194 874 2266 ut
905 2191 1032 2264 antea
1064 2192 1154 2264 tam
1183 2177 1459 2267 Tartarorum
1495 2181 1818 2286 incursionibus,
1854 2211 1984 2294 quam
2019 2185 2084 2266 in·

329 2361 333 2369 ·
421 2303 571 2385 cendio
593 2303 760 2384 accidit:
785 2301 1063 2410 contingeret:
1084 2299 1337 2412 suplicatum
1359 2313 1435 2384 ‘est
1453 2329 1531 2412 pro
1552 2303 1644 2387 ‚illis
1676 2329 1751 2407 per
1764 2300 2084 2387 dictosOousi-

416 2419 567 2522 liarios,
588 2427 637 2500 ut
655 2415 851 2526 praefata
869 2417 1109 2529 Priuila'gia,
1124 2420 1272 2501 omnia
1292 2420 1489 2501 inunum
1507 2420 1706 2502 volumen
1729 2418 1912 2500 describi
1930 2421 1975 2502 in
1996 2419 2081 2505 Re-

417 2533 648 2649 gostraque
671 2535 960 2618 Cancellariae
981 2537 1324 2620 nostraeinduoi:
1337 2537 1649 2618 mandaremus.
1693 2535 1874 2645 insuper
1893 2537 2083 2623 authori-¹

289 2681 294 2686 ·
416 2666 506 2737 tate
539 2663 683 2737 nostra
718 2653 860 2765 Regia
896 2656 1158 2759 confirmare,
1196 2653 1432 2764 approbare
1471 2663 1525 2737 et.
1545 2654 1758 2738 ratifieare
1796 2655 2082 2764 dignaremur.
2140 2715 2145 2726 ·

418 2769 607 2871 Quorum
628 2774 813 2856 omnium
837 2778 881 2854 et
901 2773 1163 2884 singidonum
1181 2783 1304 2856 tenor
1326 2773 1609 2857 deverbo-ad
1631 2773 2024 2884 verbumsequittu.
2040 2781 2085 2856 ot

419 2900 483 2974 est
502 2890 610 2970 talis.

454 3009 459 3020 '
519 3007 571 3090 ln
592 3009 760 3090 nomine
779 3008 937 3092 domini
957 3009 1089 3092 nostri
1110 3007 1220 3090 Jesu
1242 3007 1412 3108 Christi.
1444 3005 1677 3118 Magnifica
1709 3007 1953 3114 Principum
1985 3005 2082 3091 Oel-

476 3125 672 3226 situdine,
695 3126 851 3234 dignae
874 3123 971 3238 (sio)
993 3123 1282 3209 retributionis
1301 3127 1494 3235 praemia
1514 3134 1729 3207 merentur
1745 3123 1951 3227 obtinere,
1973 3150 2081 3236 quos

474 3242 576 3328 fidei
594 3246 755 3351 puritas
779 3272 831 3326 ex
852 3246 1068 3356 obsequijs
1101 3245 1239 3330 reddit
1265 3253 1428 3354 gratos.
1454 3253 1496 3326 et
1517 3253 1733 3352 acceptos.
1766 3241 1856 3327 Ubi
1876 3243 1991 3330 enim¹
2006 3270 2083 3350 per
2195 3241 2197 3248 ’

476 3361 614 3470 operis
637 3361 892 3444 euidentiam
914 3361 1039 3444 fidele
1061 3369 1181 3470 patet
1198 3357 1464 3471 obsequium,
1484 3361 1543 3444 ibi
1559 3361 1907 3444 remunerationis
1921 3357 2083 3472 dignis·

323 3543 327 3551 .
394 3485 396 3491 ‘
475 3480 610 3592 sirnae
628 3482 863 3588 praemium
883 3481 934 3564 fit
950 3491 1168 3588 paratums
1176 3480 1377 3563 Proinde
1397 3481 1599 3590 uenerint.
1613 3481 1805 3564 uniuersi
1832 3487 2091 3587 praetem

476 3607 518 3678 et
538 3597 677 3680 firturi.
707 3587 838 3696 Quod
858 3626 935 3700 nos
956 3598 1143 3698 Lesthoo
1167 3599 1234 3680 dei
1258 3601 1406 3710 gracia
1435 3599 1537 3684 Dux
1569 3597 1817 3702 Craoouiae,
1857 3595 2082 3706 Sandomi-

325 3721 331 3731 '
418 3711 435 3776 ,'
473 3716 560 3796 riae
584 3725 627 3794 et
649 3705 925 3822 Syraziensis,
945 3709 1018 3826 qui
1041 3748 1091 3800 ex
1113 3715 1322 3828 dignitate
1345 3717 1614 3824 Principatus
1634 3708 1898 3824 singulorum
1916 3710 2080 3795 merita.

359 3930 366 3944 ·
475 3829 669 3940 diligenti
706 3833 1044 3920 consideratione
1083 3835 1289 3940 debemus
1331 3831 1495 3939 intueri.
1549 3827 1750 3913 Veientes
1782 3819 1966 3940 cuilibet,
2003 3848 2080 3937 pro
2196 3860 2201 3872 ·

472 3949 611 4031 meriti
632 3949 847 4062 qualitate,
869 3933 1112 4063 impendere
1144 3933 1314 4064 'gratiae
1353 3949 1648 4065 quantitatem,
1684 3950 1728 4028 in
1759 3942 2080 4031 retributionem

354 4153 429 4278 a·
473 4063 945 4298 {sanutus
964 4071 1377 4301 sal-'silus
1398 4049 2080 4294 slltussdttsu

426 4301 429 4306 ’
473 4319 660 4388 nostram
682 4303 1069 4392 Sandomiriensem
1091 4305 1144 4417 (ἲ)
1169 4307 1318 4388 damus
1355 4313 1398 4386 et
1418 4303 1538 4387 titulo
1571 4313 1805 4410 perpetuae
1840 4295 2079 4390 donationis

323 4445 330 4458 ·
382 4489 405 4525 ,
454 4423 686 4529 tradimus,
709 4417 918 4536 sub'dure
940 4425 1220 4528 'Pheutonioq
1259 4435 1301 4506 et
1320 4412 1514 4506 libertate
1535 4417 1874 4529 Mapdbur'gensi
1900 4417 2079 4503 locatio-
2164 4449 2173 4464 ·

138 4557 252 4651 pau?
306 4497 452 4616 s
473 4543 548 4644 niS,
569 4541 803 4656 locandiffet
823 4545 1102 4644 conuooandi,
1125 4543 1181 4624 ad
1203 4543 1382 4649 eandem
1415 4541 1619 4646 homines,
1652 4567 1832 4648 quarum
1863 4533 1969 4622 libet
2003 4563 2079 4617 na-

344 4635 418 4748 sl
517 4721 560 4803 (2l
577 4719 1270 4807 SandomiriaurbsantiquissimaPolonia'e
1284 4719 1505 4802 adVistulam,
1516 4717 1593 4785 olim
1603 4708 2077 4806 dueatus,posteaprovinciae

414 4805 705 4893 (wojewddztwo),
716 4819 895 4876 nunevero‘
905 4809 1066 4874 territorii
1080 4807 1293 4895 regionisque
1310 4816 1420 4890 eaput,
1436 4805 1532 4872 sedes
1549 4805 1711 4890 episcopi,
1725 4805 1760 4869 in
1777 4799 1889 4892 Regno
1905 4801 2076 4870 Poloniae.
