4856 5932
1085 725 1419 800 '-⁴28-

461 933 876 1047 singularitencatur
896 953 1065 1012 suorum
1085 925 1301 1012 intendere
1330 927 1517 1012 comodis
1538 926 1815 1032 subditorum,
1849 926 2011 1014 illorum
2039 939 2104 1015 ta-

461 1081 556 1136 men
577 1054 712 1163 magis
734 1047 891 1132 fatetur
910 1073 956 1131 se
979 1046 1235 1150 debitricem,
1258 1073 1365 1157 quos
1387 1048 1533 1130 mundi
1555 1051 1688 1130 cernit
1710 1052 1900 1132 deserere
1923 1048 2104 1155 delicias,

463 1183 507 1256 et
526 1173 581 1255 ad
601 1171 746 1254 laudes
769 1168 987 1251 salvatoris
1010 1176 1172 1248 mentes
1204 1165 1330 1276 digne
1359 1167 1732 1275 contemplacionis
1752 1168 1903 1277 studijs
1928 1168 2103 1256 elevare.

461 1291 640 1394 Proinde
661 1289 749 1373 Nos
770 1286 1010 1370 Vladislaus
1033 1285 1114 1368 Dei
1136 1285 1280 1397 gracia
1315 1283 1406 1368 Rex
1433 1283 1619 1392 Polonie,
1654 1315 1733 1369 neo
1764 1314 1848 1371 non
1879 1287 2104 1374 Terrarum

462 1410 678 1512 Craoovie,
696 1406 968 1509 Sandomirie,
986 1403 1160 1508 Siradie,
1180 1403 1392 1506 Lancicie,
1425 1404 1614 1512 Ouyavie
1644 1405 1956 1514 Lithuanieque
1992 1411 2107 1518 prin-

405 1573 413 1588 ·
460 1555 561 1638 ceps
582 1553 814 1638 supremus,
834 1525 1078 1612 Pomer'anie
1100 1521 1341 1630 Russieque
1363 1519 1557 1611 dominus
1582 1523 1773 1610 etheree.
1807 1525 2107 1638 significamus

459 1659 604 1732 tenore
627 1647 904 1758 presencium,
941 1644 1096 1755 quibus
1132 1643 1301 1752 expedit
1323 1643 1523 1726 universis
1563 1645 1827 1754 presentibus
1866 1653 1908 1728 et
1942 1643 2124 1750 futuris,¹

458 1769 661 1853 noticiam
682 1765 944 1877 presencium
966 1763 1182 1856 habituris:
1216 1757 1438 1860 Quomodo
1463 1765 1627 1872 providi
1647 1763 1795 1852 fideles
1811 1765 1946 1850 nostri
1968 1765 2106 1850 dilecti

461 1883 668 1974 'Consules
691 1884 885 1969 Civitatis
915 1885 1085 1994 antique
1118 1880 1293 1964 Sundccz
1329 1879 1383 1962 ad
1419 1891 1560 1966 nostre
1598 1885 1855 1969 celsitudinis
1890 1885 2106 1969 venientes

459 2007 733 2124 presenciam,
753 2003 875 2086 uobis
896 2003 1038 2085 literas
1060 2001 1156 2085 diva
1175 2002 1373 2084 memorie
1396 2001 1550 2084 domini
1571 2002 1773 2090 Karimiri
1801 2005 1915 2114 regis
1936 2003 2107 2090 Polonie

460 2125 769 2238 predecessoris
789 2123 985 2207 nostriin
1005 2145 1262 2232 pergameno
1284 2120 1473 2228 scriptas,
1505 2121 1731 2234 sigilloque
1754 2124 1884 2233 ipsius
1905 2121 2108 2233 Majesta-

459 2248 513 2328 tis
536 2243 790 2354 dependenti
811 2245 1074 2352 consignata,
1098 2248 1140 2322 et
1158 2263 1235 2348 pro
1256 2247 1376 2346 parte
1397 2241 1684 2351 religiosarum
1722 2242 1920 2328 Sororum
1951 2245 2109 2326 sancti·

460 2365 716 2466 monialium,
737 2360 965 2448 Abbatisse
988 2375 1030 2442 et
1050 2360 1296 2446 Conventus
1317 2361 1556 2442 monasterii
1575 2363 1618 2443 in
1639 2363 1824 2470 antiqua.
1838 2359 2013 2445 Scndecz
2034 2363 2108 2446 de·

459 2494 653 2570 votorum
671 2493 919 2586 nostrarum,
956 2507 1082 2590 super
1112 2477 1298 2586 quadam
1318 2478 1587 2589 prerogativa
1621 2479 1737 2564 duris
1774 2479 2031 2564 Theutunici
2066 2487 2110 2565 et

458 2602 693 2688 libertatem
715 2600 811 2716 (sic)
833 2604 1066 2712 peripsum
1087 2597 1299 2680 dominum
1319 2596 1578 2681 Kazimirum
1597 2597 1773 2711 Regem,
1808 2599 1908 2710 ipsis
1929 2591 2047 2682 facta
2068 2609 2111 2706 et

320 2741 324 2752 '
460 2737 681 2824 concessa,
722 2722 1002 2806 exhibuerunt
1041 2725 1085 2800 et
1120 2717 1431 2800 demostrarunt
1465 2743 1608 2801 coram
1643 2719 1789 2824 nobis,
1825 2717 2109 2830 supplicantes

460 2841 632 2926 culmini
667 2852 809 2924 nostro
846 2841 982 2952 Regio
1019 2834 1228 2920 humiliter
1252 2844 1293 2918 et
1314 2843 1488 2940 attente,
1517 2847 1565 2919 ut
1586 2841 1756 2922 easdem
1785 2839 1927 2922 literas
1958 2865 2110 2948 appro-

458 2963 575 3066 bare,
605 2959 816 3045 ratificare
838 2967 881 3042 et
900 2957 1147 3044 confirmare
1170 2953 1224 3035 de
1243 2957 1387 3039 innate
1417 2955 1538 3040 nobis
1569 2954 1846 3070 benignitatis
1878 2956 2108 3042 clemencia

461 3081 744 3192 dignaremur.
791 3075 979 3179 Quarum
998 3085 1119 3160 tenor
1141 3072 1192 3155 de
1212 3073 1343 3158 verbo
1366 3074 1421 3156 ad
1441 3073 1615 3159 verbum
1642 3081 1832 3186 sequitur
1851 3079 1894 3160 in
1915 3077 1995 3158 hec
2015 3103 2109 3160 ver·

458 3200 537 3285 ba:
586 3199 696 3313 (Huc
715 3197 890 3312 sequitur
911 3193 1055 3298 tabula,
1075 3221 1193 3304 quum
1213 3193 1394 3306 superius
1405 3193 1495 3305 jour
1515 3193 1608 3297 (Nu.
1636 3193 1785 3282 CXIX
1794 3191 2003 3310 papate)
2026 3193 2109 3278 edi-

461 3319 586 3404 dimus
657 3331 699 3401 ⁴.
2023 3369 2032 3386 .

562 3317 650 3523 tici
669 3314 847 3549 )itaque
895 3431 1133 3520 Vladislous
1180 3430 1272 3515 Rex
1324 3429 1512 3541 prefatus
1561 3433 1950 3544 supplicationibus·
1987 3433 2109 3518 nobis

459 3583 534 3670 per
553 3553 741 3672 prefatos
763 3555 972 3643 Consules
996 3581 1047 3638 ex
1066 3561 1187 3662 parte
1209 3551 1435 3636 earundem
1467 3577 1654 3636 sororum
1684 3551 1913 3638 Abbatisse
1937 3561 1981 3635 et
2001 3552 2109 3639 San-

460 3677 759 3762 ctimonialium
789 3676 1032 3762 Conventus
1067 3671 1325 3780 Monasterij,
1354 3673 1396 3754 in
1428 3673 1603 3784 antiqua
1640 3671 1813 3757 Sundecz
1849 3672 1999 3758 oblatis
2035 3701 2109 3758 an-

565 3925 605 4008 (4)
627 3925 663 3992 ln
678 3938 884 4016 transumpto
900 3937 1015 3995 nostro
1031 3927 1171 3993 tabulae.
1187 3925 1361 3992 nonnullae
1379 3923 1543 3992 variantes
1558 3923 1715 3991 lectiones
1740 3935 1925 4004 occurrunt,
1943 3923 2002 3992 sed
2016 3925 2109 4011 parvi

462 4011 616 4082 momenti
632 4019 666 4075 et
679 4014 816 4078 maxime
831 4015 990 4080 rationem
1007 4021 1093 4077 recte
1109 4009 1273 4078 scribendi
1288 4021 1447 4097 spectant.
1492 4009 1637 4077 Tabulae
1652 4009 1803 4078 casimiri
1818 4020 1990 4077 contextus
2006 4009 2111 4096 magis

387 4109 390 4116 '
464 4097 671 4165 authenticus
687 4107 749 4172 est,
767 4105 908 4164 transum
936 4098 960 4162 ti
989 4119 1067 4162 vero
1097 4095 1220 4162 mendis
1235 4106 1340 4160 scatet
1355 4107 1388 4159 ct
1402 4095 1614 4161 omisionibus
1643 4095 1753 4162 multis
1783 4093 1964 4181 verborum3
1995 4116 2111 4163 seusus

465 4197 574 4249 tamen
590 4180 694 4248 utrius
710 4173 872 4245 idem'est.
947 4181 1095 4246 ectioncs
1124 4182 1289 4244 variantes
1315 4181 1446 4264 majoris
1475 4179 1628 4244 momenti
1653 4179 1716 4245 huc
1742 4179 1943 4248 adducimus:
1965 4181 1999 4248 in
2019 4192 2110 4248 tran·

463 4263 919 4356 sumptotituli·Constantiae
934 4265 1084 4330 ducissae
1114 4263 1257 4328 breviter
1286 4273 1465 4327 enarratae:
1488 4263 1672 4340 „.‚.ducissa
1701 4263 1935 4352 Glogovienais
1965 4289 2110 4354 pronunc

354 4357 359 4381 '
462 4353 598 4423 Csuobii
614 4349 918 4426 Sandeczsnsis”....
948 4347 1212 4430 (deestvcrbumt
1240 4360 1337 4414 mater
1350 4351 1513 4422 abbatissa,
1544 4348 1595 4414 vel
1611 4349 1744 4436 quiquid
1769 4351 1899 4431 simile).
1934 4353 1974 4422 Iu
2002 4349 2111 4420 tabula

465 4461 493 4504 a.
510 4443 591 4506 1358
607 4437 775 4504 titulorum
791 4435 1002 4504 Constantios
1017 4433 1081 4500 duo
1098 4443 1173 4500 suut
1188 4455 1310 4500 versus.
1348 4435 1431 4520 Pag.
1448 4435 1508 4498 245
1523 4457 1608 4500 vers·
1624 4439 1643 4501 5
1649 4437 1786 4521 firmiter
1801 4439 1944 4524 radicati,
1966 4438 2000 4504 in
2022 4449 2110 4504 tran·

464 4533 592 4611 sumpto
599 4525 736 4615 firmiter
749 4525 892 4613 judicati.
908 4521 1033 4588 Versus
1050 4521 1098 4586 17.
1114 4519 1248 4584 verbum
1272 4521 1384 4588 ibidem
1412 4519 1446 4585 in
1473 4529 1675 4606 transumpto
1692 4522 1857 4590 omissum.
1872 4523 1969 4592 Vera.
1996 4523 2035 4590 25
2050 4545 2110 4610 pro

461 4609 647 4696 iniuupcdcs
669 4609 704 4675 in
722 4617 923 4695 transumpto
937 4629 1030 4672 unum
1044 4627 1197 4693 quasque.
1219 4605 1357 4693 Wydtpc
1370 4611 1548 4694 capitaneus
1564 4608 1829 4684 rcnmmiriausia
1844 4609 1878 4673 iu
1892 4617 2108 4696 transumpto,

462 4703 513 4757 cst
528 4695 720 4761 sarrderenris
748 4691 1105 4775 (coniannotutionem
1132 4695 1245 4766 4-tcm,
1293 4711 1345 4778 ag.
1363 4693 1447 4770 254).
1485 4688 1625 4756 Nomina
1653 4692 1750 4757 etiam
1773 4693 1921 4760 villarum
1948 4695 1982 4760 in
2009 4693 2112 4760 uomi-

464 4776 559 4844 nibus
574 4779 704 4844 testium
719 4780 752 4846 in
767 4789 969 4864 transumpto
984 4776 1199 4852 laudatorum,
1218 4712 1410 4854 trebuetur,
1428 4775 1691 4844 Sundzisrlrovicae
1703 4786 1737 4842 et
1750 4777 1893 4856 Ratione,
1909 4780 2069 4847 dicuntur.

564 4861 714 4946 Denique
730 4887 832 4930 annus
847 4864 879 4930 in
894 4873 1006 4930 nostro
1023 4871 1226 4948 transumpto
1241 4881 1307 4926 uon
1322 4883 1430 4942 varos,
1442 4859 1537 4928 idest
1550 4863 1632 4928 1258
1646 4861 1776 4948 legitur,
1793 4885 1855 4950 pro
1869 4867 1961 4933 1858.
