4856 5932
1156 699 1433 777 -378-

470 904 661 992 Sculteto
685 912 729 988 et
748 901 940 988 omnibus
961 899 1292 988 aduenientibus.
1322 911 1366 988 et
1392 885 1662 1010 manentibus
1683 903 1833 987 adata
1854 907 2119 1016 presencium
2141 853 2145 866 .

468 1023 752 1135 computando
775 1020 1019 1108 asolucione
1040 1049 1191 1106 census
1211 1022 1363 1138 viginti
1385 1049 1519 1108 annos
1540 1022 1812 1106 concedimus
1834 1026 2118 1112 omnimodam

465 1141 703 1228 libertatem
724 1139 938 1228 Sooltetus
957 1167 1058 1226 vero
1080 1141 1155 1280 qui
1173 1149 1441 1256 protempore
1470 1140 1598 1242 irretit
1627 1141 1683 1224 ad
1704 1143 2022 1253 expedicionem
2043 1173 2121 1258 ge-

466 1263 649 1348 neralem
669 1260 793 1346 nobis
815 1289 913 1346 cum
933 1258 1131 1346 balista'
1118 1289 1163 1344 ιιι
1192 1287 1304 1370 equo
1333 1261 1488 1346 seruire
1526 1271 1591 1346 est
1626 1262 1823 1348 astrictus
1857 1261 2121 1352 Kmethones

465 1410 564 1468 vero
585 1392 791 1494 perpetue
815 1381 1025 1490 exspirata
1043 1378 1213 1466 libertat
1195 1388 1239 1465 te
1261 1407 1466 1465 concesso
1488 1378 1667 1492 quilibet
1690 1410 1832 1468 eorum
1855 1381 1908 1467 de
1930 1382 2124 1496 quelibet

463 1529 612 1590 maneo
634 1500 811 1613 singulis
832 1502 953 1584 annis
975 1499 1089 1585 circo
1109 1498 1265 1586 festum
1286 1485 1399 1586 beat
1370 1509 1402 1582 tr
1422 1499 1590 1584 Martini
1611 1527 1737 1584 vnam
1758 1529 1945 1587 marcam
1967 1527 2121 1590 omnus
2218 1563 2220 1568 -

463 1620 586 1706 nobis
609 1621 679 1705 uel
699 1621 877 1732 posteris
899 1621 1051 1706 nostris
1079 1621 1322 1731 prodecima
1354 1619 1440 1707 Sex
1473 1617 1626 1705 Scotos
1662 1619 1842 1706 latorum
1878 1647 2122 1734 grossorum

462 1739 745 1853 Pragensium
766 1741 867 1824 dare
889 1749 934 1824 et
954 1738 1116 1826 soluere
1152 1742 1237 1824 sint
1264 1723 1427 1824 astricti
1460 1739 1692 1848 Inquorum
1721 1741 1906 1826 omnium
1927 1740 2120 1830 testimo-

464 1861 580 1944 nium
600 1889 651 1944 ac
675 1859 937 1944 euidenciam
956 1859 1183 1970 pleniorem
1205 1858 1398 1972 Sigillum
1418 1868 1609 1946 nostrum
1628 1858 1897 1970 presentibus
1926 1860 2119 1946 duximus

466 1979 804 2092 appendendum,
817 1979 995 2062 datum'
983 2009 1027 2062 ιιι
1047 1979 1254 2064 Iwcrzc'czc
1276 1977 1406 2064 Curia
1421 1978 1597 2064 nostra
1585 2005 1678 2089 rpso
1696 1979 1762 2064 die
1781 1977 2121 2066 Circumcisionis

465 2097 622 2183 domini
656 2097 780 2185 Anno
817 2098 973 2202 domini
1012 2097 1231 2185 Millesimo
1268 2094 1699 2208 Quadringentesimo
1742 2097 1904 2184 decimo
1939 2102 2120 2210 septimo

463 2216 736 2302 Presentibus
756 2216 967 2303 nobilibus
990 2215 1207 2303 Clemente
1230 2217 1281 2300 de
1305 2216 1530 2332 Sopisclrow.
1548 2215 1727 2302 Nicolao
1746 2217 1796 2301 de
1815 2217 1984 2304 Miodow
1998 2217 2120 2304 Kmi·

462 2336 538 2420 tha
560 2337 612 2419 de
632 2335 831 2422 Burcze'no
851 2335 1125 2422 Warczislao.
1149 2339 1202 2422 de
1226 2337 1396 2422 Mt'cltow
1417 2336 1645 2421 Praeczlao
1667 2335 1720 2422 de
1740 2335 1937 2422 Burczino
1952 2337 2118 2448 Troya·

463 2483 518 2540 no
540 2457 595 2540 de
617 2455 893 2556 Goaczirudoro
915 2465 959 2540 et
979 2455 1069 2568 alijs
1090 2456 1280 2566 pluribus
1300 2455 1541 2569 fidedignis.
1909 2495 1911 2498 ·

564 2877 652 2964 Nos
664 2903 764 2964 vero
777 2873 995 2992 (⁶)prefati
1004 2873 1223 2962 Michaelis
1234 2874 1513 2986 peticionibus
1533 2873 1694 2960 racioni
1714 2875 1910 2960 consonis
1922 2873 2121 2961 acclinati

462 2997 819 3106 attendentesque
840 2998 1048 3084 bonorum
1070 2993 1330 3082 Oastellanie
1364 2995 1497 3106 ipsius
1514 3024 1589 3107 per
1605 2993 1956 3108 exstirpacionem
1977 2991 2115 3080 Silua·

462 3143 555 3200 rum
576 3114 818 3200 huiusmodi
839 3115 1129 3204 condicionem
1149 3113 1238 3200 fore
1259 3113 1472 3198 meliorem
1493 3115 1654 3198 litteras
1676 3141 1775 3198 suas
1797 3113 2008 3226 predictas
2028 3143 2118 3198 me·

461 3245 622 3322 morato
642 3234 770 3321 Petro
792 3263 965 3348 pereum
1001 3235 1124 3319 datas
1153 3245 1201 3319 vt
1218 3232 1428 3345 prefertur
1447 3237 1491 3318 in
1514 3233 1709 3320 omnibus
1748 3262 1892 3318 eurum
1929 3232 2116 3319 articulis

297 3386 300 3396 ¹
350 3433 357 3440 .
460 3353 781 3441 condicionibus
802 3355 971 3464 punctis
993 3353 1189 3439 clericulis
1212 3363 1255 3438 et
1277 3351 1512 3464 Sentencijs
1533 3351 1740 3438 uniuersis
1766 3362 1883 3438 ratas
1906 3362 1950 3437 et
1970 3362 2115 3466 gratas

459 3472 667 3560 habentes
688 3473 973 3584 approbamus
1011 3483 1054 3558 et
1089 3473 1387 3560 confirmamus
1424 3483 1571 3559 tenore
1606 3475 1872 3585 presencium
1903 3475 2117 3559 mediante

459 3593 731 3676 decernentes
751 3593 867 3702 ipsas
887 3593 1016 3678 robur
1050 3603 1255 3708 perpetue
1281 3591 1497 3678 ‘firmitatis
1534 3592 1721 3678 obtinere
1757 3589 1924 3678 Harum
1960 3592 2116 3701 quibus

460 3709 651 3826 Sigillum
672 3721 862 3800 nostrum
884 3741 1119 3825 appensum
1142 3723 1211 3797 est
1225 3713 1466 3798 testimonio
1487 3713 1719 3796 litterarum
1740 3710 1895 3824 cletum
1910 3710 2114 3797 inNoua·

458 3833 630 3914 ciuitate
652 3829 757 3916 feria
778 3841 898 3916 sexta
918 3835 1108 3945 proxima
1128 3843 1226 3916 ante
1250 3833 1502 3919 dominicam
1535 3827 1661 3916 Oculi
1693 3827 1817 3916 Anno
1840 3829 1995 3915 domini
2016 3827 2109 3914 Mil·

456 3951 599 4036 lesimo
622 3945 1048 4063 Quadringentesimo
1070 3953 1233 4036 decimo
1256 3953 1434 4062 septimo
1455 3947 1730 4037 Presentibus
1761 3947 1915 4034 ibidem
1936 3947 2107 4062 Magni·

455 4069 547 4154 ficis
570 4077 613 4153 et
635 4065 824 4152 Strenuis
847 4069 1029 4156 Oristino
1052 4072 1106 4154 de
1130 4071 1284 4154 Ostrow
1307 4070 1548 4156 Castellano
1571 4069 1847 4156 Oracouiensi
1861 4067 2036 4154 Nicolao
2054 4067 2109 4151 de

457 4187 670 4276 Meodolow
686 4187 878 4272 Palatino
896 4187 1236 4274 Sandomiriensi.
1269 4189 1484 4275 Dobeslao
1502 4185 1790 4299 Woyniciensi
1805 4186 1835 4273 J
1839 4187 2002 4274 ohanne
2018 4186 2109 4272 Lu·

453 4309 633 4394 blinensi
652 4305 843 4393 ffloriano
865 4301 1119 4394 Wisliciensi
1140 4303 1348 4395 Grottone
1368 4309 1671 4424 Malogostensi
1700 4307 1963 4396 Oastellanis.
2011 4304 2110 4394 Sbi-

428 4485 430 4490 -
457 4457 568 4540 gneo
591 4431 643 4514 de
665 4427 811 4512 Brzcze
832 4425 1098 4512 Marschalco
1119 4425 1176 4511 Et
1195 4425 1286 4540 alijs
1306 4427 1496 4544 pluribus
1517 4427 1714 4514 fidelibus
1749 4429 1904 4514 nostris
1941 4425 2107 4512 dilectis

455 4547 543 4632 Dat
526 4558 615 4632 tum
664 4576 740 4660 per
790 4574 940 4633 manus
991 4547 1230 4635 Reuerendi
1270 4549 1314 4635 in
1365 4547 1534 4636 Christo
1574 4549 1706 4659 patris
1752 4546 1908 4634 domini
1942 4543 2111 4664 ⁸Alberti

458 4887 536 4957 pag
553 4785 624 4933 3(7)5
629 4780 774 4851 Scilicet·
796 4783 983 4852 vladislaus
1011 4783 1079 4852 Rex
1094 4781 1464 4852 Pelopiae-conclusio
1491 4784 1577 4852 enim
1604 4786 1675 4872 ejus
1700 4781 1830 4851 tabulae
1855 4781 2013 4869 seqnitur,
2039 4779 2114 4848 vide
