4822 5924
1142 737 1413 816 -356-

451 973 556 1051 rum,
585 943 833 1028 Advocatus
866 941 1120 1054 armigerum
1140 964 1238 1024 oum
1259 939 1414 1024 balista
1444 947 1653 1024 armatum
1674 902 1800 1050 super
1820 962 1932 1048 equo
1953 940 2008 1026 de
2027 970 2102 1034 sex

452 1065 603 1149 mareis
633 1061 916 1145 transmittere
951 1059 1141 1165 debebit,
1162 1087 1258 1144 cum
1281 1085 1367 1172 quo
1387 1053 1510 1146 nobis
1529 1054 1691 1143 Abbati
1712 1067 1755 1141 et
1775 1057 2102 1150 Successoribua

449 1183 601 1270 nostris
630 1178 835 1291 placebit,
866 1177 1115 1264 Advocatus
1147 1189 1287 1263 autem
1318 1178 1392 1290 qui
1420 1203 1496 1318 pro
1526 1187 1717 1318 tempore
1736 1175 1883 1284 fuerit,
1904 1178 2103 1270 Castrum

447 1300 711 1414 praedictum
742 1296 904 1384 Abbati
935 1307 977 1381 et
1008 1298 1244 1385 Oonvent
1185 1307 1248 1381 ιιιι
1277 1297 1514 1384 memoratis
1546 1298 1706 1408 aperire
1728 1324 1779 1379 ac
1798 1299 2040 1411 ingressum
2059 1302 2103 1386 in

447 1421 560 1505 idem
582 1447 633 1504 ac
652 1419 912 1503 mansionem
932 1445 1008 1529 pro
1029 1428 1217 1526 tempore
1246 1415 1484 1502 necessario
1505 1424 1549 1500 et
1570 1443 1667 1499 cum
1688 1441 1796 1525 opus
1816 1416 1960 1525 fuerit,
2001 1420 2102 1506 dare

448 1541 492 1624 in
513 1539 663 1624 eodem
685 1545 751 1622 est
771 1538 1017 1644 adstrictis,
1049 1535 1227 1620 habebit
1256 1544 1396 1618 autem
1427 1533 1676 1620 Advocatus
1707 1537 1948 1646 praedictus
1969 1542 2103 1625 omni·
2164 1611 2166 1618 .
2255 1575 2261 1582 ·

447 1659 618 1744 modam
638 1656 887 1741 facultatem
908 1657 1123 1739 iudicandi
1139 1655 1264 1742 Oives
1282 1663 1326 1738 et
1342 1651 1619 1740 Suburbanos
1641 1653 1841 1741 Civitatis.
1857 1657 2102 1768 praedictae

446 1778 492 1861 in
512 1775 704 1872 omnibus
726 1775 864 1859 causis
884 1783 972 1858 tam
993 1775 1161 1886 magnis
1183 1799 1313 1883 quam
1333 1773 1492 1884 parvis:
1521 1774 1693 1886 capitis,
1714 1775 1955 1886 sanguinis,
1974 1781 2101 1863 muti-

448 1895 614 1980 lationis
638 1910 679 1983 et
661 1896 741 1983 tin
762 1895 852 2004 alys
875 1892 1213 2006 quibuscunque,
1235 1905 1278 1978 et
1297 1921 1440 1978 coram
1460 1893 1591 1978 coita
1611 1921 1793 2004 magnus
1814 1894 1926 1978 sicut
1943 1923 2101 2006 parvus

448 2015 660 2100 tenebitur
688 2014 964 2124 respondere,
993 2015 1197 2098 iustitiam
1226 2013 1354 2152 pati·
1338 2021 1381 2095 et
1397 2013 1585 2121 recipere
1615 2013 1799 2097 iustitiae
1819 2015 2102 2126 complemen

341 2119 346 2138 ’
447 2145 558 2239 tum,
599 2133 847 2217 Advocatus
878 2141 1019 2216 autem
1049 2161 1135 2219 non
1165 2132 1263 2217 alibi
1294 2132 1375 2214 nisi
1404 2159 1546 2218 coram
1576 2130 1698 2216 nobis
1720 2142 1764 2216 et
1783 2133 2101 2220 successoribus
2187 2197 2190 2222 .
2332 2177 2336 2184 ⁴

449 2256 601 2338 nostris
622 2279 699 2334 seu
719 2249 890 2335 Judicio
922 2251 1105 2338 Claustri
1137 2249 1403 2362 Tyniciensis
1434 2251 1647 2364 obligatur
1665 2251 1922 2364 respondere
1942 2261 1986 2337 et
2006 2252 2101 2340 Juri

277 2367 282 2382 ⁵
445 2399 607 2484 parere.
641 2369 750 2456 Oum
773 2351 928 2480 quibus
950 2371 1120 2484 quidem
1140 2367 1262 2456 bonis
1284 2377 1327 2452 et
1346 2367 1522 2454 Juribus
1538 2367 1819 2460 Advocatiam
1838 2373 2099 2482 praedictam

445 2518 632 2577 memora
632 2499 676 2574 o
632 2489 902 2574 tMichaeli
930 2487 1181 2574 conferimus
1203 2497 1248 2572 et
1267 2491 1377 2575 iusto
1406 2489 1528 2575 titulo
1563 2489 1813 2574 venditionis
1832 2491 2099 2604 resignamus

447 2619 492 2696 et
512 2611 779 2721 assignamus
800 2637 877 2720 per
897 2636 992 2692 eum
1013 2617 1056 2692 et
1074 2635 1150 2719 per
1169 2609 1301 2719 ipsius
1320 2609 1530 2722 legitimos
1548 2605 1825 2696 Successores
1846 2609 2100 2717 hbbendam,

444 2729 691 2832 tenendam,
712 2727 1012 2840 possidendam
1032 2727 1332 2833 utihuendam,
1368 2728 1629 2833 donandam,
1659 2727 1948 2838 vendendam,
1984 2757 2099 2816 com-

446 2847 696 2934 mutandam
731 2873 817 2931 non
853 2845 974 2933 alteri
1010 2857 1151 2931 autem
1186 2873 1394 2961 personae
1429 2849 1511 2932 nisi
1529 2848 1573 2930 in
1594 2873 1724 2960 quam
1753 2873 1832 2934 nos
1864 2857 1941 2933 aut
1966 2851 2099 2937 nostri
2154 2862 2160 2873 '

448 2965 726 3054 Successores
762 2968 1053 3052 consenserint
1073 2976 1115 3050 et
1135 2967 1408 3076 apposuerint
1443 2991 1695 3052 consensum
1715 2969 1871 3078 pariter
1890 2975 1935 3052 et
1954 2994 2101 3056 assen-

447 3113 554 3171 sum.
604 3085 656 3170 In
677 3111 858 3196 quorum
878 3089 1062 3172 omnium
1081 3087 1366 3170 testimonium
1388 3093 1431 3168 et
1450 3085 1704 3170 evidentiam
1723 3085 1954 3196 pleniorem
1973 3115 2098 3198 prae·
2209 3129 2220 3136 ·

447 3214 587 3290 sentes
610 3203 737 3289 scribi
757 3214 801 3288 et
819 3213 915 3292 nost
916 3233 1056 3291 rorum
1076 3205 1307 3318 sigillorum
1327 3202 1509 3290 Abbatis
1530 3217 1574 3290 et
1594 3203 1838 3290 Conventus
1874 3208 2100 3318 appensio·

387 3353 389 3359 ·
447 3353 500 3410 ne
520 3321 697 3409 fecimus
718 3325 978 3410 communiri.
1028 3325 1185 3409 Actum
1207 3333 1251 3408 et
1269 3324 1461 3408 Datum
1449 3353 1494 3408 ιιι
1514 3323 1771 3412 Monasterio
1801 3333 1945 3412 nostro
1965 3324 2101 3438 Tyni·

448 3445 579 3530 ciensr
567 3427 850 3556 '’praefato,
837 3469 932 3554 rpso
954 3443 1022 3529 dre
1041 3443 1093 3528 B
1113 3438 1332 3529 Michaelis
1352 3439 1610 3556 Archangeli
1632 3443 1816 3584 gloriosi.
1865 3443 1991 3531 Anno
2011 3445 2101 3536 Do·

446 3564 548 3649 mim
534 3563 623 3649 Μ.
648 3563 776 3651 000.
797 3562 892 3649 XO.
913 3561 987 3649 IV.
1037 3563 1339 3650 Praesentibus
1373 3561 1584 3649 nobilibus
1617 3565 1729 3648 viris:
1763 3561 1948 3650 Sulkone
1967 3563 2102 3652 Milite

446 3681 500 3765 de
524 3681 634 3766 Gora
653 3682 820 3787 Judice,
854 3679 1044 3794 Sbigneo
1066 3683 1118 3767 de
1140 3681 1327 3766 Stadaila’
1351 3679 1591 3796 Burgrabio
1623 3681 1763 3770 Oastri
1794 3681 2100 3792 Oracoviensis,

448 3800 619 3884 Andrea
639 3803 692 3886 de
715 3801 902 3914 Sprowa,
933 3803 1129 3915 Novogio
1151 3803 1203 3885 de
1224 3799 1447 3901 Laakawa,
1484 3799 1653 3888 Jacobo
1675 3803 1728 3886 de
1749 3800 1969 3912 Botarzya,
1991 3799 2099 3891 Gre-

448 3921 568 4032 gorio
591 3921 642 4002 de
665 3919 906 4004 Morewieza
944 3921 1198 4009 haeredibus
1222 3929 1265 4003 et
1286 3945 1417 4029 quam
1451 3921 1643 4031 pluribus
1678 3918 1769 4033 alys
1803 3918 1983 4006 'testibus
2011 3920 2098 4008 fide

448 4039 588 4152 dignis
620 4045 664 4122 et
693 4063 771 4149 per
801 4037 1074 4152 Magnificum
1110 4039 1331 4126 Nicolaum
1354 4040 1408 4124 de
1428 4038 1601 4124 Vislicia
1631 4039 1778 4128 Civem
1808 4049 1853 4124 et
1880 4037 2099 4132 Sindioum

448 4155 775 4245 cracoviensem
805 4184 858 4242 ac
887 4165 1129 4268 monastery
1164 4156 1295 4244 nostri
1334 4157 1562 4269 praelibasi
1600 4167 1914 4271 procuratorem
1944 4169 1988 4248 et
2007 4159 2099 4247 Tu-

448 4285 594 4364 torem.
1833 4301 1847 4330 ⁹
