4930 5922
1112 737 1387 847 ·.·¹⁰2··

419 967 562 1026 rorum
598 940 841 1023 memoriam
872 939 1114 1048 supradicte
1145 937 1350 1049 Magistre
1373 937 1564 1022 dedimus
1587 947 1730 1022 nostro
1753 938 1887 1049 sigillo
1909 937 2084 1022 robora·

419 1065 519 1140 tam.
580 1055 737 1138 Actum
757 1056 800 1136 in
824 1052 1018 1138 Crocouie
1039 1067 1147 1139 anno
1176 1057 1344 1138 domini.
1376 1055 1452 1138 Ma
1477 1056 1584 1140 0⁰0.
1605 1055 1790 1139 LXXII.
1812 1057 2083 1164 presentibus

418 1174 498 1256 hiis
535 1192 713 1284 quorum
750 1174 921 1256 nomina
958 1189 1072 1272 sunt
1091 1175 1186 1256 ista.
1224 1167 1392 1256 Comes.
1431 1173 1570 1258 Wars.
1608 1175 1875 1258 castellanus.
1914 1173 2081 1258 Comes.

418 1291 627 1398 Neustup.
664 1291 887 1398 palatinus.
927 1289 1247 1374 Oracouienses.
1286 1289 1440 1373 Comes
1490 1289 1781 1374 Scarbimirus.
1829 1291 2083 1373 castellanus

419 1409 472 1489 de
516 1405 697 1514 Woyoie.
736 1407 890 1510 Oomes
925 1433 1146 1517 poznanus
1179 1406 1287 1490 filius
1318 1405 1518 1490 sulkonis.
1557 1407 1712 1492 Comes
1756 1406 2000 1518 Sbigneuus
2031 1407 2083 1488 de

417 1522 560 1608 Kdow.
584 1522 739 1608 Comes
759 1525 944 1607 hinzirus
967 1522 1064 1638 (sic)
1087 1534 1131 1606 et
1151 1521 1219 1633 alij
1243 1524 1547 1638 quamplures.

800 2081 804 2096 ‚
1160 1951 1340 2071 XLVlt
1366 2034 1372 2047 ·
1395 2023 1415 2093 s
1510 2057 1517 2068 .

918 2173 1001 2288 ³⁰.
1024 2171 1223 2258 Martii
1246 2175 1390 2262 1224
1416 2166 1587 2262 anno.
1693 2150 1701 2162 ¹

435 2427 441 2436 .
480 2377 681 2452 neuru-
695 2324 860 2469 sponse
874 2374 1087 2449 omanem
1100 2376 1286 2450 manno
1299 2335 1516 2452 neaerae
1530 2317 1742 2450 camerone
1755 2372 2019 2450 arranem

679 2515 691 2536 ·
727 2493 854 2552 nemra
868 2477 1053 2569 episcopatis
1067 2477 1099 2554 n
1112 2477 1194 2551 ritis
1210 2478 1363 2546 Paeane
1380 2481 1413 2550 st
1429 2481 1570 2548 Koara·
1583 2478 1702 2552 matut
1716 2481 1769 2562 (Ι).

519 2650 736 2736 Universis
759 2649 814 2732 ad
836 2678 1015 2760 quorum
1037 2653 1236 2734 noticiam
1256 2651 1524 2761 presencium
1545 2661 1665 2734 tenor
1684 2629 1946 2762 pervenerit..
1968 2645 2079 2733 Pau-

394 2771 481 2855 ·lus
499 2769 567 2852 dei
584 2769 729 2880 gracia
746 2764 1040 2852 Oracoviensis
1056 2767 1295 2878 Episcopus
1314 2767 1505 2855 Salutem
1522 2771 1565 2850 in
1582 2769 1749 2853 domino
1767 2769 2077 2878 sempiternam.
2157 2783 2159 2786 ’

524 2999 566 3080 (¹)
587 2997 639 3064 Ex
669 2997 820 3082 sequenti
840 3008 1048 3110 transumpto
1078 2999 1168 3089 regis
1198 2997 1401 3082 Sigismundi
1427 3000 1536 3084 primi,
1561 2999 1653 3084 quod
1675 2999 1711 3064 in
1726 2997 1903 3064 Tabulario
1926 2993 2033 3083 Regni
2047 2995 2082 3062 in

416 3083 626 3235 {bffik‘lifflfl
648 3083 819 3168 „Metrylri
832 3083 984 3148 koronne
1026 3082 1107 3166 (vol.
1123 3086 1175 3167 48,
1191 3083 1247 3149 fol
1264 3083 1340 3166 949)
1364 3098 1562 3167 asservatur,
1586 3083 1765 3169 descripsit
1785 3081 2081 3152 AntoniusMucz·

441 3191 510 3236 ows
535 3190 556 3232 ι.

522 3251 583 3332 „ln
599 3234 730 3317 nomine
747 3249 871 3316 domini
887 3274 990 3317 amen.
1025 3251 1081 3318 Ad
1103 3259 1297 3352 perpetuam
1311 3251 1362 3316 rei
1375 3252 1574 3317 memoriam.
1600 3249 1704 3318 Facta
1720 3245 1887 3331 hominum
1910 3258 2081 3332 quantum·

417 3357 556 3420 eumque
572 3335 796 3401 memorabilia
812 3335 953 3400 deletae
970 3335 1081 3402 obruit
1107 3335 1232 3401 obhvio
1249 3335 1315 3401 nisi
1328 3335 1363 3400 in
1376 3335 1490 3402 literas
1514 3336 1708 3401 referantur.
1724 3355 1763 3399 ec
1780 3333 1898 3399 deinde
1920 3333 2080 3419 temporis

415 3429 580 3488 vetustata
595 3419 807 3486 labefactata
830 3419 1040 3486 innoventur.
1081 3419 1221 3489 Proinde
1238 3442 1301 3484 noe
1317 3419 1549 3507 Sigismundus
1565 3419 1619 3486 dei
1633 3421 1747 3507 gracia
1767 3419 1839 3484 Rex
1861 3418 1999 3484 Polonie
2016 3428 2080 3484 ete.

415 3527 547 3571 necnon
575 3515 734 3570 terrarum
751 3513 814 3570 etc.
834 3503 987 3570 dominus
1002 3514 1035 3570 et
1049 3504 1158 3572 heres.
1196 3503 1425 3570 Sienilicamus
1441 3515 1558 3572 tenore
1574 3503 1783 3590 presencium
1805 3503 1924 3586 quibus
1947 3501 2081 3588 expedit

415 3589 578 3654 universis
595 3597 628 3654 et
643 3589 694 3653 sin
720 3587 781 3653 ulis
797 3596 861 3652 etc.
893 3585 979 3670 Quia
995 3587 1201 3654 Venerabilis
1227 3561 1388 3657 ilbertus
1412 3587 1452 3654 de
1476 3583 1621 3656 Clodawa
1645 3587 1762 3655 Abbas
1788 3587 1984 3669 Monastcrji
2008 3583 2079 3651 An·
2198 3588 2203 3602 ⁴

317 3723 321 3731 .
357 3699 368 3714 ·
395 3671 661 3738 dracowiensis.
695 3609 855 3738 bxhibuit
871 3693 982 3738 eoram
997 3673 1095 3740 nobis
1109 3671 1223 3738 literas
1237 3673 1484 3760 pergamenses.
1509 3674 1595 3736 infra
1609 3673 1761 3754 scriptae.
1800 3669 1890 3736 Pauli
1906 3669 2026 3734 clianE
2050 3671 2079 3734 i-

416 3777 475 3824 sco
502 3756 512 3819 i
537 3754 770 3822 Craccviensis
801 3755 1019 3822 donacionem
1048 3758 1248 3824 deeimarum
1270 3755 1305 3820 iu
1334 3757 1382 3820 eis
1406 3756 1667 3841 specificatarum
1696 3751 1916 3818 continentes.
1953 3749 2025 3837 sig·
2051 3749 2080 3818 is

417 3779 556 3904 duobus,
573 3837 677 3903 altero
693 3839 835 3923 predicti
851 3841 943 3905 Pauli
956 3839 1131 3925 Episcopi,
1147 3837 1251 3904 altero
1273 3861 1355 3904 vero
1379 3839 1533 3926 Capituli
1546 3835 1780 3906 cracoviensis
1804 3835 1996 3922 obsignatas
2013 3835 2078 3900 sel·

415 3943 484 3990 vas.
502 3921 624 3987 illesas.
640 3932 673 3987 et
688 3923 727 3987 ab
745 3921 841 3986 omni
848 3923 1038 4010 suspicione
1053 3943 1191 4009 prorsus
1208 3921 1342 3988 alienas.
1381 3922 1651 4008 Supplioavitque
1683 3920 1780 3984 nobis
1798 3919 1884 3984 idern
1901 3918 2026 3984 Abbas-
2042 3929 2079 3985 ut
2135 3969 2139 3984 .

415 4030 472 4073 eas
487 4006 577 4092 ipsas
592 4007 705 4071 literas
718 4007 870 4093 innovarj
890 4008 1053 4072 mandare.
1070 4007 1332 4090 auctoritateque
1362 4015 1479 4072 nostra
1503 4006 1609 4092 Regia
1636 4004 1830 4070 confirmare
1857 4001 2078 4088 dignaremur.

417 4091 561 4174 Quarum
588 4090 718 4174 quidem
732 4089 899 4156 literarum
914 4101 1011 4158 tenor
1025 4091 1079 4156 hic
1096 4091 1243 4173 sequitur
1259 4100 1292 4154 et
1305 4099 1358 4172 est
1373 4089 1478 4154 talis.”
1501 4091 1586 4172 (Huc
1623 4089 1712 4152 rioilo
1736 4091 1800 4152 iem
1816 4087 2033 4176 paoctsupra).
2166 4085 2172 4095 '

519 4171 610 4257 „Nos
637 4173 747 4257 itaque
771 4173 1002 4260 Sigismundus
1018 4175 1089 4239 Rex
1104 4175 1251 4260 prefatus
1269 4171 1510 4260 supplicacioni
1524 4193 1582 4257 pre
1596 4171 1645 4235 ‘ati
1670 4114 1798 4238 abbatis
1812 4181 1966 4253 tanquam
1980 4169 2078 4239 iuste.

415 4259 557 4346 benigne
588 4267 779 4338 annuentes.
808 4259 1011 4343 preinsertas
1041 4258 1153 4324 literas
1181 4257 1332 4343 innovari
1360 4258 1507 4324 fecimus.
1539 4257 1801 4340 auctoritateque
1823 4265 1941 4320 nosue
1962 4255 2078 4343 Regia.
2162 4255 2165 4264 Α

414 4343 681 4429 approbavimus.
697 4342 930 4408 ratificavimus
945 4352 978 4407 et
993 4341 1267 4408 confirmavimus.
1284 4365 1323 4408 ac
1339 4341 1452 4408 harum
1469 4342 1555 4407 serie
1569 4341 1746 4406 literarum
1762 4339 1981 4426 approbamus
1997 4341 2076 4405 rati·

415 4427 549 4492 ficamus
565 4437 598 4492 et
612 4427 854 4493 confirmamus.
886 4425 1103 4490 decernentes
1135 4425 1245 4489 omnia
1259 4434 1293 4490 et
1309 4425 1437 4513 singula
1451 4428 1484 4491 in
1501 4427 1550 4491 eis
1565 4433 1723 4491 contenta
1743 4425 1777 4488 in
1797 4445 1935 4506 quorum
1956 4445 2018 4488 usu
2039 4446 2077 4490 ac
2177 4473 2185 4494 .

414 4511 631 4596 possessione
661 4511 851 4576 continuata
866 4518 900 4573 et
914 4509 1054 4594 pacifica
1078 4508 1317 4575 Monasterium
1333 4519 1366 4577 et
1381 4519 1564 4576 conventus
1593 4507 1880 4574 Andrzeowiensie
1907 4506 2077 4591 hucusque

414 4595 487 4660 tuit.
502 4593 603 4659 robur
617 4595 726 4661 debite
743 4603 776 4659 et
790 4601 949 4680 perpetue
981 4593 1141 4658 firmitatis
1163 4592 1317 4657 habitura
1334 4615 1419 4660 esse.
1455 4595 1494 4660 In
1509 4595 1604 4662 cuius
1619 4593 1668 4660 rei
1682 4591 1906 4660 testimonium
1936 4591 2078 4691 sigillum
2149 4631 2151 4636 ·

418 4686 568 4744 nostrum
595 4679 806 4765 presentibus
830 4686 880 4744 est
896 4701 936 4777 ap
963 4699 1085 4744 ensum.
1120 4678 1242 4743 Datum
1268 4677 1430 4745 Oraoorie
1458 4679 1604 4746 Sabbato
1631 4691 1706 4744 ante
1727 4679 1847 4744 festum
1863 4672 2078 4742 sanctissime

417 4762 586 4829 trinitatis.
620 4763 720 4828 Anno
738 4762 862 4828 domini
878 4701 1053 4828 Millbsimo
1081 4761 1361 4847 quingentessirno
1386 4763 1557 4850 trigesimo
1583 4763 1700 4830 tercio.
1737 4763 1846 4850 Regni
1870 4760 1976 4825 nostri
1990 4777 2076 4825 anne

416 4847 579 4935 vigesimo
595 4848 746 4932 septimo.
766 4846 981 4915 Presentibus
1002 4847 1122 4931 quibus
1137 4843 1265 4931 supra.”
1721 4873 1724 4883 r
