4856 5932
1156 686 1508 760 -3so-·

466 893 531 976 lus
550 891 699 994 tenuit,
719 887 801 972 sibi
820 887 950 971 nichil
971 887 1022 970 de
1043 885 1242 998 predicta
1256 885 1471 972 Sooltecia
1492 886 1747 996 vsurpando,
1776 916 1916 1000 neque
1936 889 2120 974 retinen·
2209 873 2216 890 '

467 1013 533 1114 do,
555 1009 631 1094 sed
651 1036 747 1090 oum
769 1007 964 1092 omnibus
996 1006 1233 1115 attinencijs
1269 1002 1565 1114 spectantibus
1603 1006 1659 1091 ad
1693 1008 1929 1118 predictam
1964 1009 2118 1096 scolte-

466 1131 586 1232 ciam,
608 1127 805 1238 prudenti
825 1128 914 1212 viro
935 1124 1145 1235 Ithanonij
1159 1123 1216 1238 (l)
1229 1151 1280 1206 ac
1297 1126 1383 1208 suis
1399 1125 1618 1237 legittimis
1630 1128 1963 1236 successoribus,
1977 1131 2120 1218 cor'am

467 1248 548 1357 hijs
568 1246 762 1352 testibus,
797 1245 940 1332 Nobili
970 1247 1059 1329 viro
1090 1242 1310 1354 Raphaele
1342 1246 1394 1328 de
1433 1243 1615 1354 Voytrow
1637 1245 1749 1359 (sic),
1779 1247 1954 1334 Andrea
1972 1246 2119 1336 Mello.

400 1475 411 1482 ·
464 1387 545 1476 say
565 1367 763 1477 opydano
785 1365 883 1481 (sic)
906 1365 957 1449 de
978 1363 1140 1476 Laqow,
1163 1361 1361 1449 dohanne
1384 1361 1570 1449 Consule
1606 1363 1692 1451 filio
1724 1368 1923 1474 eiusdem,
1960 1381 2003 1456 et
2023 1365 2118 1476 alijs

441 1553 443 1558 ‚
464 1514 594 1600 quam
614 1486 799 1596 plurimis
820 1483 1059 1595 fidedignis.
1091 1482 1141 1566 In
1163 1484 1281 1566 euius
1301 1483 1374 1592 reij
1398 1481 1494 1596 (sic)
1516 1485 1801 1570 testimonium
1817 1491 1955 1602 sigilla
1969 1493 2117 1584 nostra
2240 1473 2248 1492 ⁸

447 1601 2116 1728 ‚appendimusacappendcrejubemus-Aotumetdatumaputdohemiam(‘?)

462 1725 679 1808 consulem
700 1722 1018 1832 Molosayewicz
1040 1723 1213 1806 bannito
1235 1725 1279 1804 iu
1300 1722 1468 1826 iudicio,
1499 1719 1604 1806 feria
1635 1727 1784 1836 quinta
1814 1730 1857 1811 in
1885 1729 1993 1820 festo
2016 1759 2114 1818 san-

464 1854 625 1928 ctorum
648 1841 865 1926 Martirum
885 1833 1080 1924 Ffabiani
1103 1850 1145 1923 et
1161 1837 1420 1948 sebastiani,
1459 1869 1568 1926 anno
1591 1842 1747 1928 domini
1769 1849 1983 1938 millesimo
2006 1879 2113 1965 qua-

334 1987 336 1991 ·
461 1965 766 2054 tricentessimo
789 1963 1010 2046 vicessimo
1034 1961 1131 2077 (sic)
1155 1969 1320 2070 quarte.

1176 2339 1409 2540 oxovu.

621 2680 1097 2796 opatovioe-dc'e
1123 2684 1187 2766 15
1209 2679 1408 2769 mensor
1433 2682 1595 2766 ,lunii
1619 2681 1772 2773 1424
1791 2707 1957 2774 oeno.
2058 2625 2060 2630 Ι
2190 2795 2195 2806 ,

459 2913 592 2984 litteus
613 2877 1487 3089 311ᾱῖώίιθπθήήῧθμωῄωῃξῐΫῖῐέἓῗῖίῑξΐθ
1511 2903 1653 2976 „aarum
1678 2907 1757 2978 im,
1775 2925 1810 2979 ,ο
1836 2911 1930 2982 m
1955 2915 2058 2986 m„
2082 2914 2113 2986 in

1206 3033 1302 3074 ΜΗ
1345 3025 1361 3080 ΰ
1458 3054 1465 3068 .

561 3221 647 3304 Nos
663 3221 815 3304 Petrus
833 3221 884 3301 de
903 3212 1064 3298 Follow
1075 3216 1129 3329 (2)
1140 3215 1293 3319 Judex,
1306 3213 1600 3327 etZawissyus
1615 3217 1668 3300 de
1684 3215 1998 3336 Olesclmz'czo(³)
2009 3225 2110 3308 sub-

457 3343 582 3424 iudex
603 3339 734 3424 Terre
752 3335 1103 3426 Sandomiriensis
1121 3336 1353 3446 generales
1369 3334 1614 3444 profitemur
1631 3340 1835 3421 universis
1858 3342 2014 3457 quibus
2037 3371 2112 3428 ex·

457 3461 575 3568 pedit
609 3459 876 3568 presencium
897 3483 971 3564 per
993 3467 1191 3538 tenorem.
1241 3453 1352 3556 Quia
1367 3455 1519 3540 nobilis
1537 3441 1777 3540 Stanislaus
1801 3457 2035 3571 deZirer'lry
2052 3463 2106 3576 (⁴)

453 3582 574 3662 heres
597 3607 739 3663 coram
760 3559 931 3661 dudioio
953 3576 1137 3656 terrestri
1157 3575 1430 3684 personaliter
1452 3577 1719 3680 constitutus,
1751 3605 1880 3661 sanus
1903 3591 2042 3664 mente
2066 3593 2109 3664 et

455 3725 630 3808 corpore
653 3699 848 3802 existens,
870 3722 955 3778 non
977 3695 1230 3805 compulsus,
1252 3723 1332 3778 nec
1355 3693 1502 3802 aliqua
1520 3693 1669 3778 -fraude
1706 3697 1922 3802 seductus,
1958 3699 2034 3783 sed
2057 3701 2110 3783 de

456 3818 570 3903 bona
591 3827 632 3898 et
652 3816 785 3900 libera
800 3817 934 3926 ipsius
957 3814 1185 3926 voluntate,
1213 3813 1463 3926 recognovit
1484 3813 1651 3922 publice
1682 3816 1967 3926 perpetualem
1990 3845 2106 3904 com-

455 3936 737 4022 mutacionem
758 3935 919 4036 fecisse,
941 3963 1037 4016 cum
1058 3933 1191 4019 nobili
1212 3935 1386 4018 Nioolao
1410 3933 1460 4014 de
1485 3931 1649 4043 Sroolye
1683 3935 1848 4034 herede,
1884 3935 2009 4020 talem
2040 3949 2106 4022 ta-

560 4173 604 4254 (¹)
617 4170 678 4236 ‘Ex
694 4167 845 4255 originali
861 4167 976 4232 charte
991 4165 1134 4254 Capituli
1146 4164 1416 4232 Vledislaviensis
1424 4167 1567 4254 propria,
1580 4165 1756 4256 descripsit
1764 4169 1835 4236 Leo
1844 4169 2110 4260 Rzyszozewski.

458 4263 532 4328 Duo
548 4255 655 4344 sigilla
669 4253 746 4321 olim
757 4253 899 4328 fuerant,
916 4250 1011 4316 hodie
1027 4249 1186 4316 taeniolae
1200 4273 1416 4336 pergamenae
1431 4261 1558 4316 tanturn
1573 4262 1708 4320 restant.

558 4343 601 4426 (⁹)
624 4341 759 4419 Fallrow,
776 4337 853 4404 villa
867 4347 918 4404 est
934 4334 1142 4423 parochialis,
1166 4333 1384 4402 Konieoensis
1394 4336 1545 4428 ¹regionis
1560 4338 1595 4402 in
1611 4339 1868 4420 Saudomiriensi
1883 4343 2063 4440 provincia.

559 4431 599 4510 (³)
625 4427 776 4504 Olonico,
794 4421 869 4490 villa
884 4423 981 4488 etiam
997 4419 1208 4508 parochialis,
1226 4421 1455 4489 Stobnicensis
1471 4423 1613 4508 regionis
1636 4423 1670 4489 in
1686 4423 1902 4492 Cracoviensr
1950 4427 2107 4494 rovinoia„

558 4515 601 4597 (⁴)
621 4504 758 4580 Zernilri:
774 4509 917 4597 ejusdem
933 4505 1073 4574 nominis
1089 4507 1186 4573 villae
1203 4517 1279 4573 sunt
1295 4506 1520 4575 Stobnicensis
1536 4507 1633 4574 hodie
1648 4511 1803 4596 regionis,
1817 4521 1851 4577 et
1860 4511 1925 4612 Say
1964 4513 2108 4580 oriensis

457 4601 490 4665 in
506 4597 718 4664 Craeoviensi
733 4598 915 4686 provincia,
934 4593 1167 4682 Opetoviensis
1185 4617 1274 4672 vero,
1302 4593 1335 4658 in
1361 4591 1625 4661 Sandomiriensi.
1660 4595 1911 4684 Rzyszczewslu
1935 4607 2041 4685 putat,
2070 4598 2111 4664 de

458 4682 735 4752 ultimavillahuc
759 4705 831 4752 esse
856 4681 1064 4757 mentionem,
1092 4701 1174 4764 quae
1204 4681 1245 4746 ad
1267 4679 1394 4746 elavem
1421 4677 1690 4746 Piorkoviensem
1714 4691 1854 4768 spectat,
1885 4682 1972 4770 apud
1997 4683 2109 4749 urbem

458 4771 577 4857 leprico
593 4767 723 4834 dictum:
749 4771 834 4836 conf.
844 4767 941 4854 paulo
955 4767 1089 4834 inferius
1104 4765 1253 4832 tabulam·
1264 4766 1339 4832 anni
1357 4767 1448 4834 1430,
1472 4763 1693 4832 Sandomirioa
1702 4789 1811 4834 mense
1823 4768 1974 4852 januario
1987 4767 2107 4834 datam.

457 4858 549 4924 llaec
565 4853 642 4918 villa
658 4855 782 4922 Zerniki
792 4855 892 4922 clavis
905 4854 1161 4933 mortonensis,
1177 4851 1372 4943 episcopalis
1387 4861 1445 4920 est.
